2548 3485
1111 171 1248 218 car,
1302 171 1393 219 ιι.
2048 163 2195 227 ’169

291 347 378 402 ‘de
395 348 494 401 bac
505 349 606 402 Dei
623 347 976 416 praedictione
999 355 1052 402 et
1069 349 1277 404 decreto
1297 347 1535 410 reddet-03
1576 355 1631 401 at
1648 362 1863 402 necesse
1882 357 2005 411 erat,
2028 351 2193 416 ipsam

313 429 370 480 in
405 426 576 492 ipsius
603 427 972 493 imaginatione
1000 427 1166 480 vivide
1193 427 1595 494 repraesentari,
1634 435 1693 479 ut
1718 429 1770 479 in
1800 440 1913 494 cap.
1938 427 1989 478 i.
2016 435 2194 478 osten-

313 503 488 556 dimus
507 505 557 568 1)
572 543 586 565 ,
609 503 751 570 quod
771 505 915 556 nullo
935 505 1135 557 meliori
1155 505 1311 557 modo
1328 503 1439 556 fieri
1459 512 1675 570 poterat,
1698 518 1855 570 qnam
1872 510 2194 570 praesentem

311 580 492 649 populi
520 582 920 644 contumaciam,
961 593 1116 648 quam
1137 596 1293 648 saepe
1310 589 1549 648 expertus
1567 581 1752 646 fuerat,
1786 589 2030 646 tanquam
2051 580 2197 633 futu-

313 673 422 710 ram
443 659 796 724 imaginando.
871 659 924 710 7.
945 659 1013 710 Et
1032 658 1096 710 ad
1115 658 1256 710 hunc
1274 659 1488 711 modum
1508 661 1679 718 omnia
1692 665 1993 725 argumenta
2002 659 2189 720 mosis,

311 735 518 800 quaein
539 735 772 802 quinque
793 734 942 787 libris
962 737 1285 804 reperiuntur
1298 775 1312 797 ,
1350 735 1680 802 intelligenda
1700 742 1852 796 sunt,
1890 735 2031 802 quod
2051 734 2196 788 acili—

312 819 393 866 eet
419 827 522 864 non
555 821 678 864 sunt
713 827 774 864 ex
801 813 1006 864 scriniis
1035 813 1248 865 rationis
1280 813 1583 879 desumpta,
1621 813 1715 865 sed
1752 820 1953 864 tantum
1988 811 2196 864 dicendi

311 889 451 942 modi
463 927 495 960 ,,
521 889 716 956 quibus
734 890 831 942 Dei
851 889 1054 942 decreta
1073 890 1331 942 efficacius
1353 889 1667 958 exprimebat
1686 897 1737 943 et
1754 890 1917 942 vivide
1938 889 2194 956 imagina—

311 965 480 1020 batur.
551 967 682 1020 Nolo
703 974 874 1019 tamen
891 965 1127 1020 absolute
1147 982 1337 1034 negare
1345 1005 1363 1032 ‚
1403 967 1677 1034 prophetas
1708 982 1766 1018 ex
1786 967 2093 1022 revelatione
2112 981 2196 1018 ar-
2249 1021 2256 1042 Ι

310 1045 596 1110 gumentari
615 1044 850 1111 potuisse
867 1060 881 1104 ;
911 1042 1007 1095 aed
1027 1043 1126 1097 boc
1147 1051 1349 1096 tantum
1368 1045 1583 1107 affirmo,
1606 1059 1711 1111 quo
1732 1043 2011 1110 prophetae
2030 1045 2195 1110 magis

311 1121 534 1186 legitime
567 1127 1026 1186 argumentantur..
1053 1135 1116 1172 eo
1143 1135 1320 1174 eornm
1352 1123 1600 1188 cognitio,
1644 1135 1801 1187 quam
1838 1122 1913 1172 rei
1950 1121 2197 1173 revelatae

315 1197 524 1262 babent,
545 1199 610 1250 ad
631 1197 917 1251 naturalem
939 1199 1101 1263 magis
1123 1197 1339 1260 accedit,
1356 1206 1511 1264 atque
1530 1213 1586 1250 ex
1610 1198 1707 1249 boc
1726 1199 1945 1250 maxime
1962 1198 2197 1264 dignosci

314 1274 592 1342 propbetas
609 1275 962 1340 'cognitionem
985 1275 1427 1343 supranaturalem
1450 1274 1639 1327 habere
1652 1315 1667 1338 ,
1690 1276 1831 1342 quod
1852 1274 2051 1326 scilicet
2066 1290 2199 1342 pura

276 1414 282 1424 ‚
313 1352 552 1418 dogmata
579 1354 688 1404 aive
717 1352 1058 1420 decretasive
1077 1353 1362 1404 sententias
1382 1351 1685 1418 loquantur-3
1726 1360 1777 1404 et
1795 1352 1911 1403 ideo
1930 1365 2197 1404 summum

313 1429 618 1496 prophetam
638 1431 825 1483 Mosen
847 1429 1050 1481 nullum
1071 1429 1357 1494 legitimum
1380 1436 1741 1496 argumentum
1764 1428 1979 1491 fecisse3
2002 1437 2053 1481 et
2070 1443 2199 1482 oon-

309 1513 392 1558 tra·
405 1506 585 1573 longas
599 1507 748 1558 Pauli
769 1506 1108 1558 deductiones
1127 1514 1177 1558 et
1195 1508 1683 1572 argumentationes,
1702 1505 1883 1571 quales
1904 1507 1957 1557 in
1978 1507 2197 1574 epistola

307 1582 374 1634 ad
393 1585 662 1642 Romanos
684 1585 1030 1652 reperiuntur,
1071 1583 1218 1637 nullo
1239 1583 1395 1636 modo
1416 1598 1475 1634 ex
1492 1583 1799 1636 revelatione
1817 1585 2195 1650 supernaturali

307 1661 528 1726 scriptas
549 1661 714 1713 fuisse
733 1661 979 1713 concedo.
1051 1662 1103 1712 8.
1142 1665 1323 1727 Itaque
1341 1669 1443 1713 tam
1465 1660 1605 1711 modi
1624 1659 1891 1726 loquendi,
1913 1674 2069 1726 quam
2092 1661 2197 1712 dis-

307 1737 514 1789 aerendi
537 1736 892 1805 apostolorum
913 1738 965 1789 in
985 1734 1220 1805 epistolis
1241 1739 1531 1791 clarissime
1557 1739 1815 1801 indicant,
1858 1739 2067 1791 easdem
2089 1752 2193 1790 non

309 1828 370 1867 ex
387 1814 700 1886 revelatione
732 1822 782 1867 et
801 1816 974 1867 divino
995 1815 1264 1881 mandato,
1302 1817 1395 1869 sed
1414 1824 1617 1869 tantum
1640 1832 1699 1869 ex
1718 1818 1951 1883 ipsorum
1972 1815 2193 1867 naturali

307 1891 500 1949 iudicio
529 1893 748 1959 scriptas
777 1892 942 1943 inisse
963 1899 1014 1944 et
1033 1892 1158 1945 nibil
1177 1895 1440 1946 continere
1462 1900 1660 1957 praeter
1681 1893 1930 1945 fraternas
1949 1893 2195 1944 monitio-

307 1982 400 2023 nee
429 1969 617 2023 mixtas
649 1968 939 2021 urbanitate
971 1968 1027 2037 (a
1049 1985 1152 2037 qna
1173 1985 1299 2022 eane
1324 1971 1619 2037 prophetica
1639 1972 1913 2021 auotoritas
1930 1970 2081 2036 plane
2100 1969 2195 2021 ab·

307 2044 536 2111 horret),
577 2044 750 2113 qualia
777 2052 858 2097 est
889 2046 976 2098 illa
1003 2047 1150 2099 Pauli
1179 2048 1436 2099 excusatio
1464 2047 1517 2099 in
1536 2048 1689 2114 epist.
1710 2047 1775 2097 ad
1794 2048 1947 2099 Rom.
1970 2060 2082 2113 cap.
2109 2048 2192 2098 15.

308 2138 440 2177 vers.
465 2124 582 2177 15.=
658 2122 828 2175 Paulo
865 2124 1126 2175 audacius
1159 2127 1351 2191 ser-ipsi
1386 2126 1562 2189 vobis,
1596 2124 1830 2190 ,ti-aerea,
1904 2123 2195 2175 Possumus

307 2206 570 2265 praeterea
588 2198 687 2253 hoc
707 2200 882 2266 ipsum
905 2214 964 2252 ex
981 2215 1044 2253 eo
1063 2200 1387 2266 concludere,
1428 2200 1567 2267 quod
1588 2198 1771 2253 nullibi
1794 2199 2027 2265 legitime,
2055 2202 2194 2265 quod

309 2276 526 2343 apostoli
547 2276 682 2329 inssi
699 2277 806 2328 siut
823 2271 1066 2339 seribere,
1083 2278 1176 2330 aed
1199 2286 1395 2329 tantum
1416 2278 2043 2345 praedicarequocunqne
2060 2278 2195 2330 irent

306 2359 358 2405 et
373 2352 508 2405 dicta
529 2354 694 2418 signis
714 2354 1018 2407 confirmare
1032 2357 1104 2419 ἓ).
1175 2357 1305 2407 Nam
1336 2369 1515 2407 eorum
1543 2354 1831 2421 praesentia
1862 2362 1911 2405 et
1930 2358 2077 2420 signa
2098 2354 2197 2409 ab·

309 2428 477 2481 solute
512 2430 909 2496 requirebantur
936 2432 1000 2483 ad
1031 2440 1210 2498 gentes
1237 2432 1302 2483 ad
1324 2432 1619 2499 religionem
1640 2432 2035 2495 convertendas,
2073 2447 2195 2483 eas-

307 2522 412 2574 que
447 2508 506 2561 iu
541 2507 724 2561 eadem
763 2508 1170 2571 confirmandae,
1211 2516 1269 2561 ut
1303 2510 1416 2577 ipse
1443 2510 1637 2561 Paulus
1674 2510 1727 2562 in
1756 2510 1909 2576 epist.
1942 2509 2005 2560 ad
2036 2511 2189 2562 Rom.

307 2598 421 2652 cap.
445 2584 496 2636 1.
526 2596 662 2637 vera.
686 2585 770 2637 11.
802 2600 1042 2653 exp-resse
1071 2586 1287 2637 indicat:
1328 2589 1459 2654 quia
1487 2586 1667 2650 valde,
1708 2588 1910 2655 inquit,
1948 2586 2191 2639 desidero

304 2667 368 2715 ut
383 2660 594 2716 videam
610 2677 728 2723 vna,
763 2668 832 2715 ut
846 2666 1128 2730 impertiar
1143 2664 1291 2715 vobis
1318 2665 1511 2715 donum
1536 2667 1787 2732 epit-itam
1827 2670 1890 2715 ut
1919 2665 2193 2730 confirme-

303 2740 455 2795 mini.
529 2738 580 2794 9.
611 2738 684 2792 At
701 2738 786 2793 bic
803 2740 962 2792 obiici
979 2748 1188 2807 posset,
1221 2741 1361 2806 quod
1384 2741 1565 2793 eodem
1590 2742 1745 2796 modo
1766 2754 2041 2808 possemne
2062 2752 2193 2792 con-

307 2814 544 2879 cludere,
584 2816 848 2883 apoetolns
875 2832 970 2869 nec
1005 2818 1160 2869 etiam
1190 2824 1437 2885 tanquam
1476 2818 1749 2886 propbetas
1784 2816 2185 2883 praedicaviseez

305 2906 424 2949 nam
453 2907 618 2959 quum
647 2894 748 2946 buc
774 2901 866 2948 aut
889 2894 1014 2948 illuc
1041 2896 1395 2963 praedicatum
1421 2896 1593 2959 ibant,
1632 2896 1685 2955 id
1715 2907 1819 2946 non
1855 2908 1914 2945 ex
1949 2906 2189 2961 expresso

407 3083 450 3129 ι)
485 3079 584 3125 vid.
609 3092 711 3135 cap.
733 3082 770 3122 1.
793 3082 835 3133 s.
857 3082 924 3123 43.

404 3142 449 3194 2)
485 3140 630 3187 Marc.
651 3141 720 3192 16,
737 3142 926 3200 15.'‘aqq.
