2548 3485
358 174 493 235 222
762 175 1151 222 TRACTATUS
1188 174 1590 221 Trinummo«)
1601 202 1627 215 -
1636 175 1848 223 Pom‘r.

360 370 593 409 summae
630 356 933 423 potesta-tis,
973 368 1107 421 quae
1146 353 1326 407 multis
1361 353 1534 406 modis
1569 354 1768 407 efficere
1799 360 1998 423 potest,
2039 361 2098 405 nt
2125 364 2246 420 per-

362 448 545 501 magna
566 432 837 485 hominnm
851 444 1001 499 pars,
1042 432 1291 498 quiequid
1312 431 1445 494 vuit,
1487 433 1685 496 credet,
1724 440 1886 498 amet,
1923 432 2042 483 odio
2063 430 2247 483 habeat

362 519 459 563 etc.
516 510 602 563 ii).
630 508 883 575 Adeoque
902 510 1000 559 etsi
1020 509 1143 561 haee
1163 524 1267 562 non
1291 508 1482 561 directo
1501 509 1745 562 mandato
1763 522 2000 561 summae
2019 516 2250 576 potesta·-

362 588 429 640 tis
458 586 609 650 fiant,
650 586 781 639 fiunt
806 594 978 638 temen
1002 600 1189 653 saepe,
1227 594 1288 637 ut
1323 588 1632 653 experientia
1665 586 1873 641 abunde
1909 594 2148 651 testetur,
2188 601 2248 638 ex

362 666 659 718 auctoritate
678 663 847 730 ipsius
866 665 1119 728 potentiae
1138 671 1189 715 et
1216 664 1386 731 ipsius
1413 664 1722 727 directione«,
1761 664 1814 715 id
1845 669 1954 726 est,
1994 678 2052 715 ex
2080 665 2246 731 ipsius

362 744 495 793 iure.
552 741 725 803 Quare
744 741 858 791 sine
874 740 981 793 ulia
1000 741 1294 793 intellectus
1313 742 1648 808 repugnantia
1669 741 1944 807 concipere
1963 754 2248 807 possumus

362 818 626 880 hominess,
668 818 757 885 qui
786 832 845 869 ex
874 818 987 871 scio
1016 818 1217 884 imperii
1238 820 1350 870 iure
1371 818 1615 880 credunt,
1655 824 1854 880 amant,
1895 818 2018 869 odio
2035 818 2246 882 habent,

366 902 703 947 contemnunt
722 900 773 945 et
790 894 1023 947 absoiute
1043 896 1185 947 nuiio
1204 911 1309 947 non
1331 895 1518 949 affectu
1537 896 1902 962 corripiuntur.

470 974 557 1024 11.
592 971 667 1023 Ar
694 986 1012 1038 quamquam
1041 973 1136 1025 hac
1162 973 1360 1024 ratione
1387 974 1468 1023 ius
1495 980 1550 1023 et
1575 979 1880 1039 potestatem
1899 972 2103 1039 imperii
2123 974 2250 1023 satis

368 1048 595 1116 amplam
614 1051 955 1117 concipimus,
969 1064 1257 1116 numquam
1279 1058 1450 1101 tamen
1469 1048 1574 1111 fiet,
1595 1056 1654 1101 ut
1669 1048 1986 1101 uiiumadeo
2004 1064 2252 1116 magnum

368 1128 546 1187 detur,
584 1128 723 1191 atii,
765 1130 855 1195 qni
886 1127 941 1179 id
971 1136 1172 1190 tenent,
1210 1128 1495 1193 potentiam
1521 1126 1758 1179 absolute
1787 1127 1854 1179 ad
1880 1129 2078 1192 omnia,
2119 1141 2252 1193 quae

368 1203 553 1267 veiint,
606 1203 855 1271 habeant,
914 1206 1057 1271 quod
1104 1219 1187 1256 me
1230 1206 1332 1256 iam
1387 1205 1516 1255 satis
1571 1204 1704 1256 clare
1760 1203 2051 1257 ostendisse
2103 1211 2252 1271 puto.

372 1284 455 1337 12.
496 1282 614 1345 Qua
643 1289 815 1333 antem
834 1284 1028 1335 ratione
1045 1282 1327 1349 imperium
1347 1280 1557 1333 formari
1577 1289 1783 1347 posset,
1824 1287 1882 1331 ut
1898 1281 2058 1333 nihilo
2077 1282 2254 1333 minus

373 1372 559 1411 secure
574 1372 781 1426 semper
798 1368 1154 1422 conservetur,
1191 1361 1295 1411 iam
1316 1360 1416 1411 dixi
1437 1372 1610 1409 meum
1628 1359 1884 1410 intentum
1907 1372 2010 1409 non
2031 1372 2168 1421 esse,
2201 1358 2256 1409 id

371 1436 643 1489 ostendere
654 1438 726 1501 ²¹¹).
764 1435 1005 1489 Attamen
1025 1444 1085 1488 ut
1104 1436 1170 1488 ad
1189 1436 1240 1487 id
1262 1436 1406 1503 quod
1425 1436 1538 1487 volo
1557 1436 1864 1502 perveniam,
1901 1449 1970 1487 ea
1988 1450 2064 1487 no
2077 1444 2136 1487 ta
2148 1435 2251 1499 bo,

372 1514 577 1579 quaein
594 1512 732 1565 hunc
752 1514 905 1567 finem
926 1515 1095 1567 divina
1116 1514 1354 1566 revelatio
1363 1514 1548 1568 nosen
1569 1514 1690 1565 oiim
1711 1512 1902 1575 (locuit,
1945 1520 2005 1565 et
2020 1512 2056 1564 d
2069 1514 2124 1565 ei
2138 1514 2256 1565 nde

371 1590 732 1643 Hebraeorum
752 1592 989 1644 historias
1009 1600 1060 1643 et
1077 1604 1355 1643 successus
1378 1591 1760 1659 perpendemus
1775 1628 1788 1648 ,
1830 1603 1888 1640 ex
1908 1589 2100 1655 quibus
2117 1597 2177 1641 ta
2189 1604 2258 1639 n·-

372 1668 511 1720 dem
528 1667 818 1721 videbimus
834 1707 849 1732 ‚
890 1683 1143 1736 quaenam
1168 1669 1439 1735 praecipue
1459 1666 1688 1719 subditis
1705 1666 1768 1717 ad
1790 1667 2034 1717 maiorem
2051 1667 2258 1733 imperii

374 1748 701 1798 securitatem
730 1754 782 1799 et
806 1749 1181 1799 incrementum
1210 1746 1539 1799 concedenda
1565 1752 1692 1798 sunt
1716 1760 1744 1797 a
1771 1745 1994 1796 summis
2023 1751 2258 1811 potesta-

376 1823 537 1875 tibae.

480 1901 566 1952 13.
607 1900 761 1964 Quod
794 1901 995 1967 imperii
1012 1901 1330 1952 conservatio
1351 1900 1624 1968 praecipue
1644 1899 1864 1966 pendeat
1882 1912 1911 1950 a
1929 1897 2260 1952 subditorum

375 1975 479 2028 fide
498 1991 782 2042 eorumque
799 1979 982 2030 virtute
1000 1985 1051 2029 et
1068 1979 1225 2028 animi
1247 1977 1532 2029 constantia
1552 1979 1606 2028 in
1621 1977 1968 2044 exsequendis
1981 1976 2256 2041 mandam,

379 2055 507 2105 ratio
534 2061 592 2104 et
613 2055 920 2120 ‚experientia
948 2069 1105 2121 quam
1134 2055 1422 2106 clarissime
1451 2054 1658 2105 docent.
1731 2054 1847 2117 Qua
1873 2061 2045 2106 autem
2067 2055 2263 2104 ratione

377 2129 536 2182 iidem
557 2131 677 2182 duci
696 2130 943 2194 debeant,
982 2139 1041 2183 ut
1060 2131 1213 2182 iidem
1234 2139 1288 2182 et
1303 2133 1545 2184 virtutem
1573 2138 1866 2184 constanter
1890 2136 2118 2192 servent,
2155 2143 2262 2182 non

380 2221 543 2274 aeque
582 2207 728 2260 faciie
763 2215 843 2260 est
875 2209 1067 2261 videre.
1143 2210 1225 2260 14.
1272 2209 1472 2260 Omnes
1507 2221 1734 2274 namque
1771 2215 1875 2260 tam
1919 2209 2009 2274 qui
2057 2214 2260 2273 regunt,

381 2299 540 2352 quam
568 2286 661 2350 qui
688 2293 961 2352 reguntur,
999 2285 1237 2338 homines
1272 2291 1428 2349 sunt,
1468 2283 1669 2351 absque
1703 2285 1876 2338 labore
1909 2285 2106 2337 scilieet
2143 2300 2265 2352 pro·-

382 2364 535 2414 ciives
562 2361 627 2417 ad
659 2361 949 2417 libidinem.
1021 2365 1135 2414 lmo
1161 2364 1253 2428 qui
1277 2370 1476 2415 tantum
1509 2363 1704 2414 varium
1735 2362 2090 2414 multitudinis
2116 2363 2268 2429 inge-

384 2441 531 2491 nium
558 2441 751 2505 experti
776 2447 929 2502 sunt,
964 2439 1031 2491 de
1060 2453 1121 2490 eo
1149 2439 1257 2492 fere
1285 2440 1594 2506 desperante
1627 2441 1749 2506 quia
1777 2454 1880 2490 non
1903 2439 2133 2516 ratione,
2173 2439 2268 2492 sed

384 2516 511 2568 solis
548 2515 818 2568 affectibus
853 2515 1191 2582 gubernatur,
1231 2531 1480 2584 praeceps
1507 2516 1572 2568 ad
1601 2517 1800 2579 omnia,
1841 2523 1892 2567 et
1903 2501 2160 2567 facillime
2187 2515 2268 2567 vei

385 2594 591 2647 avaritia
618 2593 699 2644 vei
722 2592 844 2646 luxu
872 2595 1234 2682 corrumpitur.
1313 2595 1398 2646 15.
1435 2594 1810 2660 Unusquisque
1837 2592 1984 2644 seius
2009 2594 2184 2645 omnia
2209 2607 2267 2644 se

388 2672 519 2724 scire
537 2677 687 2738 putat
703 2677 755 2722 et
771 2671 945 2723 omnia
964 2685 1025 2722 cx
1038 2686 1139 2723 suo
1156 2673 1364 2737 ingenio
1383 2671 1639 2724 moderari
1667 2669 1802 2732 vuit,
1839 2675 1893 2722 et
1918 2677 2134 2723 catenus
2161 2669 2266 2722 aii-

388 2747 518 2817 quid
535 2762 763 2816 aequum
782 2748 863 2802 vel
888 2749 1159 2814 iniquum,
1198 2748 1382 2814 fasque
1410 2749 1660 2814 nefasque
1687 2748 1971 2810 existimat,
2012 2753 2268 2814 qnatenus

388 2829 445 2879 in
472 2840 629 2879 suum
656 2827 861 2878 lucrum
880 2825 961 2878 vei
976 2825 1229 2880 damnum
1248 2827 1430 2879 cadere
1447 2825 1641 2879 iudicat
1653 2864 1668 2888 ‚
1703 2839 1828 2892 prae
1846 2825 2008 2891 gioria
2024 2824 2268 2890 aequales

390 2903 701 2966 contemnit,
736 2917 835 2956 nec
859 2901 927 2954 ab
952 2903 1019 2954 iis
1044 2901 1194 2970 dirigi
1220 2905 1440 2970 patitur,
1481 2917 1602 2970 prae
1626 2901 1822 2956 invidia
1851 2901 2078 2956 melioris
2097 2899 2268 2954 laudis

392 2979 471 3031 vei
497 2979 730 3031 tortume
743 3018 759 3043 ,
797 2994 930 3046 quae
958 2992 1243 3046 numquam
1263 2980 1496 3048 aequalis
1517 2986 1622 3045 est,
1659 2979 1855 3032 maium
1875 2977 2086 3032 alterius
2105 2979 2265 3046 cupit,

499 3147 540 3197 ⁸)
566 3144 699 3192 Geni.
720 3153 851 3194 tract.
872 3147 1001 3204 polit.
1022 3159 1125 3206 cap.
1145 3150 1186 3193 ii.
