2548 3485
1178 209 1316 252 car.
1370 209 1455 254 vr.
1674 279 1682 286 ι
2143 209 2258 268 101

378 390 519 442 aliud
551 398 661 442 tum
691 389 991 456 significari,
1029 403 1186 456 quam
1226 387 1368 455 quod
1394 387 1594 440 Pharao
1629 388 1728 441 fuit
1763 374 2126 458 contumafl).
2196 393 2296 462 Et,
2365 439 2370 444 .

379 483 544 535 quum
574 467 759 519 dicitur
785 469 953 520 Deum
982 465 1235 518 fenestras
1264 466 1395 518 coeli
1414 467 1638 533 aperire,
1681 465 1809 518 nihil
1826 466 1968 520 aliud
1987 467 2258 534 significat,

380 561 538 613 quam
560 545 696 612 quod
718 545 878 597 multa
897 559 1029 610 aqua
1052 542 1239 610 pluerit
1254 544 1311 613 ²)
1325 583 1340 606 ,
1381 544 1526 596 etsie
1544 542 1662 595 alia.
1736 544 1821 596 64.
1859 544 1947 596 Ad
1965 545 2092 598 haec
2109 547 2264 613 igitur
2295 607 2300 614 Ι

380 633 430 674 et
458 623 599 690 quod
628 621 789 676 multa
814 621 1097 675 admodum
1126 621 1345 673 breviter
1372 622 1484 672 sine
1513 620 1634 672 ullis
1661 621 2060 674 circumstantiis
2089 631 2140 675 et
2157 625 2262 678 fere

383 701 611 754 mutilate
633 707 917 760 narrentur,
940 701 987 752 si
1008 701 1127 765 quis
1148 697 1307 764 probe
1328 697 1627 761 attenderit,
1647 699 1776 750 nihil
1797 698 1900 752 fere
1919 699 1972 750 in
1997 699 2263 768 Scriptum

382 779 627 846 reperiet,
666 776 807 844 quod
835 777 1003 844 possit
1029 776 1370 829 demonstrari
1398 775 1584 828 lumini
1621 784 1830 828 naturae
1865 791 2174 844 repugnar03
2213 785 2265 830 ct

379 863 557 907 contra
578 854 761 914 multa,
800 868 935 919 quae
953 853 1328 906 obscurissima
1347 854 1454 905 visa
1477 860 1600 904 sunt
1612 891 1630 918 ,
1671 853 1916 906 mediocri
1934 853 2264 907 meditatione

378 933 664 997 intelligere
682 933 873 998 poterit
890 938 941 982 et
958 929 1108 982 facile
1126 930 1466 996 interpretari.
1537 930 1712 995 Atque
1731 931 1812 982 his
1832 932 2068 1001 eristimo
2085 945 2170 983 me
2188 932 2258 994 id,

380 1009 524 1076 quod
540 1009 887 1072 intenderam,
912 1009 1041 1060 satis
1060 1007 1192 1061 clare
1213 1007 1526 1060 ostendisse.
1602 1008 1688 1058 65.
1724 1007 1970 1060 Attamen
1988 1015 2264 1075 antequam

378 1086 500 1138 huic
519 1087 675 1154 capiti
692 1085 852 1137 finem
872 1085 991 1138 dem
1004 1123 1021 1147 ,
1062 1085 1201 1138 aliud
1221 1085 1392 1138 adhuc
1409 1091 1594 1147 restat,
1633 1085 1774 1152 quod
1793 1084 1878 1136 hic
1894 1099 2103 1138 monere
2122 1087 2260 1147 voltu

380 1178 597 1230 nempe,
636 1178 717 1214 me
746 1162 845 1215 alia
870 1177 1085 1229 prorsus
1114 1161 1356 1214 methodo
1383 1162 1468 1213 hic
1495 1163 1628 1214 circa
1655 1163 1902 1214 miracula
1923 1165 2267 1229 processisse,

381 1255 539 1306 quam
568 1241 701 1295 circa
730 1240 1071 1308 prophetiam.
1142 1239 1224 1292 De⁴
1250 1238 1518 1307 prophetia
1547 1241 1683 1290 enim
1706 1238 1832 1292 nihil
1852 1239 2122 1303 affirmavi,
2162 1243 2266 1294 nisi

382 1318 525 1384 quod
554 1332 613 1369 ex
642 1317 996 1370 fundamentis
1025 1317 1082 1369 in
1110 1316 1273 1370 sacris
1303 1315 1470 1368 literis
1498 1317 1732 1369 revelatis
1759 1315 2065 1369 concludere
2084 1320 2260 1384 potni;

380 1401 436 1445 at
471 1393 553 1446 hic
587 1395 861 1463 praecipua
888 1409 947 1446 ex
976 1395 1103 1448 solis
1129 1393 1400 1460 principiis
1425 1393 1622 1446 lumine
1653 1394 1868 1447 naturali
1907 1395 2046 1446 notis
2081 1393 2262 1447 elicui:

384 1472 524 1538 quod
544 1473 699 1527 etiam
718 1473 953 1524 consulto
972 1470 1101 1533 feci,
1140 1471 1265 1538 quia
1289 1471 1354 1523 de
1370 1471 1664 1538 prophetia,
1701 1469 2123 1536 quandoquidem
2151 1473 2268 1537 ipsa

382 1558 593 1616 captum
622 1550 911 1601 humanum
941 1555 1151 1616 superat
1180 1555 1231 1600 et
1260 1550 1499 1614 quaestio
1531 1563 1670 1600 merc
1690 1547 1970 1614 theologica
1988 1555 2098 1610 est,
2137 1549 2268 1600 nihil

380 1627 655 1689 affirmare,
684 1641 863 1692 neque
900 1627 1051 1678 etiam
1088 1627 1219 1678 scire
1260 1633 1541 1693 poteram,‚
1560 1626 1615 1676 in
1652 1640 1755 1692 quo
1793 1625 2267 1692 ipsa-potissimum

380 1705 683 1769 constiterit,
719 1704 821 1755 nisi
842 1718 903 1757 ex
923 1702 1276 1756 fundamentis
1298 1703 1563 1764 revelatis;
1603 1710 1758 1769 atque
1777 1702 1906 1756 adeo
1927 1709 2134 1756 coactus
2154 1709 2267 1755 tum

379 1782 485 1844 fui,
527 1782 795 1833 historiam
822 1782 1121 1848 prophetiae
1148 1782 1538 1835 concinnareet
1565 1795 1624 1833 ex
1651 1795 1712 1833 ea
1741 1780 1995 1848 quaedam
2029 1780 2268 1847 dogmata

381 1858 603 1912 formare
622 1896 638 1921 ‚
698 1872 831 1923 quae
878 1874 963 1910 me
1009 1866 1247 1911 naturam
1295 1857 1592 1926 prophetiae
1636 1859 1856 1924 eiusque
1907 1859 2264 1925 proprietates,

382 1934 555 2003 quoad
570 1933 679 1987 fieri
704 1942 897 2001 potest,
937 1935 1199 1988 docerent.
1272 1938 1360 1989 66.
1397 1934 1471 1987 At
1488 1935 1571 1987 hic
1589 1938 1726 1988 circa
1743 1936 2017 1998 miracula,
2052 1936 2172 2001 quia
2189 1934 2266 1999 id,

382 2012 519 2079 quod
537 2012 859 2079 inquirimus
880 2011 1097 2080 (nempe
1120 2027 1187 2064 an
1208 2013 1486 2066 concedere
1506 2026 1791 2079 possumus
1805 2052 1820 2075 ,
1860 2013 2058 2079 aliquid
2087 2014 2140 2063 in
2173 2026 2270 2065 na-

382 2097 493 2143 tura
514 2090 808 2155 contingere
824 2127 837 2149 ‚
878 2090 1017 2155 quod
1048 2092 1161 2141 cius
1188 2088 1393 2155 legibus
1415 2096 1694 2155 repugnet,
1732 2096 1822 2142 ant
1839 2090 1980 2154 quod
2001 2090 2144 2141 exiis
2161 2104 2270 2141 non

378 2174 561 2235 posset
586 2168 767 2233 sequi)
797 2166 1215 2235 philosophicum
1248 2166 1401 2233 plane
1429 2173 1538 2228 est,
1576 2165 1720 2218 nullo
1752 2165 1914 2218 simili
1941 2166 2264 2233 indigebam3

381 2247 485 2296 imo
514 2243 803 2296 consultius
842 2243 991 2306 duxi,
1028 2243 1161 2297 hanc
1198 2246 1556 2309 quaestionem
1594 2257 1656 2294 ex
1687 2242 2040 2296 fundamentis
2074 2243 2272 2296 lumine

381 2320 603 2374 naturali
645 2322 862 2387 cognitis
909 2329 1087 2389 utpote
1132 2323 1350 2376 maxime
1385 2322 1524 2375 notis
1561 2319 1804 2373 enodare.
1868 2321 2042 2384 Dico,
2095 2335 2179 2383 me
2215 2322 2271 2374 id

381 2397 673 2451 consultius
702 2400 937 2458 duxisse;
979 2414 1099 2451 nam
1131 2414 1243 2451 eam
1274 2401 1427 2451 etiam
1455 2413 1517 2451 ex
1541 2398 1670 2450 solis
1693 2399 1987 2465 Scripturas
2015 2398 2272 2467 dogmati-

382 2475 482 2527 hus
512 2483 564 2527 et
592 2474 943 2529 fundamentis
973 2476 1118 2527 facile
1148 2468 1345 2529 solvere
1373 2482 1661 2543 potueram.
1743 2476 1897 2538 Quod
1915 2483 1974 2528 ut
1991 2478 2270 2545 unicnique

382 2559 581 2619 pateat,
616 2552 701 2604 hic
728 2555 906 2621 paucis
938 2553 1229 2607 ostendam.
1304 2554 1389 2605 67.
1425 2554 1691 2621 Scriptura
1721 2552 1786 2605 de
1805 2561 1988 2607 natura
2007 2554 2062 2605 in
2084 2568 2270 2621 genere

382 2627 695 2696 quibusdam
716 2631 768 2680 in
788 2631 918 2683 locis
936 2630 1179 2693 affirmat,
1220 2646 1333 2683 eam
1367 2630 1524 2683 fixum
1542 2638 1700 2697 atque
1727 2630 2105 2685 immutabilem
2127 2632 2271 2682 ordi-

382 2722 499 2757 nem
522 2722 738 2769 servare,
762 2709 892 2759 utin
910 2710 1001 2761 Ps.
1026 2708 1144 2761 148.
1163 2723 1299 2761 ναι-ε.
1323 2709 1374 2759 6.
1397 2715 1448 2759 et
1463 2710 1648 2761 Ierem.
1670 2723 1786 2775 cap.
1808 2708 1896 2762 31.
1915 2723 2048 2761 vers.
2073 2707 2158 2759 35.
2181 2708 2266 2761 36.

379 2784 728 2849 Philosophus
753 2793 1011 2850 praeterea
1029 2786 1081 2837 in
1104 2800 1201 2837 suo
1220 2786 1364 2837 Eccl.
1387 2800 1498 2853 cap.
1525 2788 1574 2839 1.
1595 2801 1730 2839 vers.
1756 2787 1840 2839 10.
1863 2786 2151 2839 clarissime
2171 2786 2271 2838 do-

372 2868 487 2933 cet,
528 2861 659 2914 nihil
688 2864 800 2913 novi
832 2863 885 2913 in
916 2870 1096 2914 natura
1126 2864 1451 2929 continger03
1491 2872 1544 2915 et
1570 2878 1706 2917 vers·
1727 2864 1778 2915 9.
1812 2871 1862 2915 et
1890 2864 1975 2915 11.
2007 2863 2104 2915 hoc
2129 2864 2269 2915 idem

382 2940 646 2991 illustrans
673 2939 771 3003 ait,
812 2940 981 3005 quod,
1022 2941 1255 3005 quamvis
1274 2940 1553 3007 aliquando
1573 2940 1770 3008 aliquid
1789 2940 2081 3007 contingat,
2123 2940 2264 3006 quod

486 3130 529 3178 ι)
566 3126 665 3170 vta.
687 3126 984 3181 Exoa.4,21.
1021 3128 1124 3185 aa.
1164 3128 1291 3185 ιαμ.
1330 3126 1712 3183 el.·1‚¹³.14.22.

486 3188 531 3241 2)
566 3185 666 3231 vid.
686 3184 801 3231 Gen.
821 3188 865 3243 7,
886 3190 951 3235 11.
