2548 3485
1121 142 1259 188 ΟΔΡ.
1313 141 1421 187 XV.
1833 165 1839 173 ·
2094 159 2122 217 1
2135 158 2217 219 97

332 334 647 398 rationibus,
686 337 776 389 sed
807 335 1049 389 tubarum
1077 338 1328 404 strepitu,
1369 338 1562 390 tonitru
1588 342 1639 389 et
1666 336 1977 393 fulminibus
2003 340 2213 392 eosdem

333 413 556 467 adorsus
577 419 673 465 est.
746 412 881 465 Vide
901 414 1060 466 Exodi
1083 430 1195 482 cap.
1219 414 1306 465 20.
1327 428 1461 466 vers.
1484 414 1570 467 20.

437 490 525 542 37.
581 491 830 557 Superest
867 492 998 554 iam,
1048 499 1106 544 ιιι
1142 492 1350 544 tandem
1388 490 1687 555 ostendam,
1740 494 1883 543 inter
1898 492 2071 560 ,fidem
2104 497 2214 547 sive

333 567 658 642 theologiam
688 573 744 619 et
762 569 1156 658 philosophiam
1180 569 1385 621 nullum
1411 585 1520 619 esse
1549 571 1917 621 commercium
1950 570 2211 624 nullamve

332 646 669 711 affinitatem,
710 647 849 713 quod
876 647 980 697 iam
1011 660 1160 698 nemo
1188 653 1358 713 potest
1386 647 1646 714 ignorare,
1681 648 1770 713 qui
1790 645 1969 699 harum
1992 648 2212 702 duarum

331 720 630 773 facultatum
650 730 702 774 et
720 736 938 790 scopum
958 730 1010 775 et
1028 723 1425 775 fundamentum
1440 725 1611 799 novit,
1650 738 1783 792 quae
1802 737 1926 777 sane
1945 731 2049 777 toto
2070 727 2211 779 coelo

331 796 643 865 discrepant.
719 800 803 851 38.
843 799 1214 867 Philosophiae
1231 801 1369 852 enim
1389 792 1577 869 scopus
1595 801 1722 853 nihil
1746 807 1843 863 est,
1868 809 2068 869 praeter
2083 804 2213 855 veri-

333 882 514 937 tatem;
538 875 684 943 ,fidei
700 882 902 938 autem,
923 882 982 927 ιιι
1000 875 1204 929 abunde
1225 879 1569 942 ostendimuS,
1593 878 1719 930 nihil
1744 886 1941 946 praeter
1960 879 2212 933 obedien-

332 954 454 1004 tiam
475 960 525 1003 et
543 953 805 1019 pietatem.
844 954 1046 1006 Deinde
1055 954 1791 1023 philosophiaefmtdamenta
1812 957 2047 1008 notiones
2066 972 2215 1010 com-

334 1044 521 1081 munes
553 1038 705 1096 sunt,
746 1037 797 1081 et
821 1032 934 1097 ipsa
952 1046 1010 1085 ex
1027 1032 1136 1083 sola
1159 1040 1337 1085 natura
1357 1034 1463 1099 peti
1484 1031 1665 1092 dehet3
1686 1032 1833 1099 fidet·
1846 1041 2020 1086 autem
2039 1034 2210 1087 histo-

331 1108 432 1159 riae
459 1116 512 1159 et
539 1107 739 1173 lingua,
781 1114 832 1158 et
858 1122 920 1159 ex
948 1109 1057 1160 sola
1087 1110 1351 1177 Scriptura
1386 1118 1439 1161 et
1466 1107 1770 1163 revelatione
1799 1110 2045 1178 petenda,
2084 1115 2210 1165 utin

331 1184 447 1236 vlt.
462 1198 575 1252 cap.
598 1184 944 1237 ostendimus.
1019 1186 1105 1238 39.
1125 1184 1279 1238 Fides
1301 1188 1459 1253 igitur
1476 1201 1735 1239 summam
1755 1188 2037 1254 unicuique
2054 1188 2211 1242 liher-

330 1267 486 1313 tatem
515 1263 579 1314 ad
613 1260 1080 1329 philosophandum
1108 1264 1371 1327 concedit,
1410 1271 1469 1316 ut
1496 1264 1742 1332 quicquid
1773 1263 1919 1329 velit,
1961 1265 2025 1317 de
2052 1265 2209 1319 rebus

293 1346 302 1355 ·
332 1337 748 1406 quibuscumque
769 1341 880 1391 sine
899 1339 1088 1391 scelere
1111 1342 1299 1393 sentire
1320 1343 1516 1409 possit,
1550 1348 1601 1393 et
1616 1355 1707 1393 eos
1727 1349 1922 1394 tantum
1944 1348 2210 1408 tamquam

331 1416 612 1468 haereticos
641 1424 692 1468 et
720 1417 1080 1469 schismaticos
1109 1419 1367 1481 damnat‚·
1388 1420 1477 1485 qui
1498 1418 1771 1486 opiniones
1793 1417 1978 1471 docent
1995 1417 2060 1470 ad
2080 1434 2237 1479 cou-,

331 1494 634 1556 tumaciam,
677 1492 820 1555 odia,
860 1496 1213 1546 contentiones
1233 1502 1285 1545 et
1303 1496 1431 1547 iram
1454 1493 1809 1555 suadendum3
1848 1503 1899 1546 et
1916 1508 2005 1547 eos
2033 1505 2209 1549 contra

329 1569 507 1622 fideles
535 1578 734 1622 tantum
763 1570 942 1633 habet,
983 1573 1072 1637 qui
1103 1570 1366 1624 iustitiam'
1384 1580 1436 1624 et
1462 1574 1721 1625 caritatem
1744 1584 1838 1639 pro
1867 1570 2063 1626 viribus
2082 1588 2209 1626 suae

329 1648 545 1701 rationis
565 1654 616 1699 et
635 1646 965 1700 facultatibus
987 1648 1240 1705 suadent..
1284 1652 1371 1703 40.
1389 1650 1629 1717 Denique
1648 1650 1893 1716 quoniam
1911 1649 2051 1713 haec,
2076 1666 2209 1717 quae

329 1725 411 1778 hic
445 1723 801 1789 ostendimus,
857 1726 1202 1794 praecipua
1247 1733 1427 1792 sunt,
1482 1727 1743 1796 quaein
1780 1726 1893 1779 hoc
1928 1733 2206 1782 tractatu

327 1801 622 1866 intendo,
654 1803 794 1867 volo,
827 1809 1102 1869 antequam
1132 1803 1352 1858 ulterius
1378 1819 1618 1874 pergam,
1649 1805 1891 1858 lectorem
1912 1805 2207 1860 enixissime

318 1894 530 1946 rogare,
553 1887 613 1930 ιιι
629 1879 752 1932 haec
771 1879 875 1933 duo
897 1883 1061 1949 capita
1081 1883 1326 1932 attentius
1344 1883 1537 1948 legere,
1570 1884 1823 1934 etiterum
1848 1890 2003 1948 atque
2018 1885 2206 1936 iterum
2230 1901 2235 1906 ·

328 1957 644 2024 perpendere
670 1958 937 2024 dignetur3
977 1965 1028 2008 et
1055 1955 1154 2008 sihi
1177 1972 1483 2023 persuasum
1502 1958 1714 2021 haheat,
1731 1981 1739 1990 ·
1755 1973 1851 2010 nos
1871 1973 1973 2011 non
1992 1976 2055 2013 eo
2074 1963 2207 2014 scri-
2230 1959 2238 1966 '

328 2035 497 2101 psisse
517 2035 717 2097 animo,
757 2041 814 2085 nt
833 2048 961 2086 nova
983 2034 1455 2098 introduceremus,
1496 2035 1587 2087 sed
1608 2042 1667 2087 ut
1685 2036 1957 2102 depravata
1982 2040 2205 2106 corrige-

328 2125 500 2162 remus
517 2150 530 2174 ,
572 2109 705 2176 quae
723 2111 932 2163 tandem
952 2111 1231 2177 aliquando
1255 2120 1479 2166 correcta
1498 2110 1668 2166 videre
1688 2113 1979 2180 speramusss

327 2357 503 2422 CAP.
566 2357 710 2421 XV.
821 2359 956 2422 Nec
1014 2359 1375 2444 theologiam
1436 2363 1678 2435 rationi,
1749 2381 1861 2423 nec
1920 2363 2234 2428 rationem.

357 2453 700 2534 theologiae
752 2453 1042 2529 ancillari3
1095 2456 1423 2517 ostenditur
1475 2463 1537 2516 et
1586 2455 1783 2530 ratio,
1826 2475 1945 2538 qua
1995 2459 2167 2520 nobis
2228 2503 2234 2514 .

571 2549 640 2609 S.
683 2547 1040 2630 Scripturae·
1057 2551 1463 2611 auctoritatem
1502 2549 1951 2630 persuademus,

422 2727 526 2790 Qui
563 2725 946 2794 philosophiam
985 2740 1016 2779 a
1050 2726 1303 2794 theologia
1340 2741 1577 2795 separare
1604 2730 1844 2782 nesciunt
1856 2736 1883 2793 ,⁸
1912 2729 2197 2796 disputant,

319 2817 447 2856 num
469 2804 733 2871 Scriptura
754 2805 970 2867 rationi,
993 2819 1058 2868 au
1082 2812 1256 2857 contra
1277 2807 1403 2858 ratio
1425 2808 1718 2874 scripturae
1738 2804 1925 2858 debeat
1942 2807 2194 2871 ancillari,
2226 2826 2232 2834 ·

319 2880 416 2932 hoc
447 2888 553 2943 est,
591 2895 659 2934 an
687 2895 878 2934 sensus
908 2882 1202 2950 scripturae
1231 2884 1443 2946 rationi,
1483 2899 1547 2936 an
1582 2883 1698 2936 vero
1735 2882 1865 2936 ratio
1904 2882 2197 2951 scripturae
2300 2897 2307 2904 ·

318 2958 694 3011 accommodari
732 2957 946 3020 debean
982 2965 1136 3026 atque
1171 2959 1268 3012 hoc
1304 2976 1333 3012 a
1370 2961 1633 3028 scepticis,
1674 2961 1763 3026 qui
1801 2959 2013 3012 rationis
2044 2963 2198 3013 certi-

319 3034 550 3087 tudinem
582 3042 796 3100 ncgant‚
834 3036 963 3088 illud
994 3044 1164 3088 autem
1195 3052 1226 3088 a
1257 3037 1561 3104 dogmaticis
1590 3035 1900 3089 defenditur.
1989 3040 2043 3093 2.
2092 3039 2209 3089 Sed'

317 3119 422 3164 tam
442 3111 538 3165 hos
558 3127 716 3182 quam
735 3113 852 3167 illos
870 3120 980 3168 toto
999 3114 1143 3170 coelo
1163 3129 1327 3169 errare
1340 3154 1357 3181 ,
1396 3129 1455 3169 ex
1482 3116 1587 3168 iam
1605 3112 1755 3166 dictis
1774 3121 1992 3167 constat.
2062 3115 2190 3169 Nam

1360 3241 1398 3250 h-
