2548 3485
1252 4 1330 24 τ’

1116 172 1253 220 oar».
1308 172 1417 219 xv.
2076 162 2199 223 203

221 410 226 416 ,
329 350 467 403 caeci
494 348 546 401 id
573 350 747 417 ipsum
777 347 1158 415 amplectimur,
1192 362 1312 415 ergo
1342 360 1439 401 nos
1456 348 1609 399 etiam
1628 344 1785 399 stulte
1804 350 1855 397 et
1878 344 1989 397 sine
2008 344 2201 396 iudicio

328 428 550 492 agimus·
619 427 708 481 27.
747 426 900 488 Quod
921 426 966 477 si
986 432 1162 478 contra
1181 434 1405 478 statuere
1423 426 1639 477 velimus
1655 463 1669 486 ,
1691 424 1787 475 hoe
1808 421 2198 473 fundamentum

328 505 524 555 ratione
553 502 890 555 demonstrari
919 516 1124 568 posse,.
1143 505 1238 554 erit
1266 517 1387 569 ergo
1414 502 1666 567 theologia
1685 498 2041 567 philosophiae
2059 512 2199 565 pars,

329 594 424 631 nec
442 578 508 630 ab
526 579 706 631 eadem
725 586 865 631 esset
883 580 1189 646 separanda.
1263 580 1364 631 Sed
1394 578 1458 631 ad
1486 579 1611 630 haec
1639 576 1952 643 respondeo,
1995 586 2078 627 me
2107 573 2204 626 ab-

331 656 496 709 solute
525 662 776 718 statuere,
815 658 913 707 hoe
940 658 1240 722 theologiae
1253 654 1665 722 fundamenta&
1692 655 1886 719 dogma
1919 668 2023 703 non
2049 666 2205 719 porse

332 734 524 785 lumine
557 734 802 785 naturali
835 735 1186 799 investigari,
1237 734 1315 785 vel
1350 734 1531 785 saltem
1569 732 1831 783 neminem
1866 730 2030 781 fuisse
2049 768 2065 791 ,
2115 728 2206 793 qul

331 813 506 877 ipsum
527 811 976 873 demonstraverit,
1008 818 1058 861 et
1077 811 1194 862 ideo
1211 811 1586 861 revelationem
1603 810 1839 859 mamime
1856 807 2207 858 neeessariam

319 890 494 953 fuisse
506 907 525 949 ,·
564 894 616 939 at
633 887 794 938 nihilo
813 887 987 937 minus
1006 902 1104 938 nos
1123 886 1317 938 indicio
1334 888 1409 939 uti
1430 898 1584 953 posse
1598 924 1613 947 ,
1651 892 1709 935 ut
1727 884 1780 937 id
1798 885 1901 936 iam
1928 880 2206 935 revelatum

335 964 512 1015 morali
533 964 714 1017 saltem
737 962 1036 1016 certitudine
1055 964 1447 1030 amplectamur.
1518 963 1605 1017 28.
1643 962 1771 1012 Dico
1792 960 1973 1013 morali
1992 960 2207 1013 certitu·-

335 1038 483 1100 dine;
522 1055 642 1091 nam
675 1054 778 1092 non
809 1046 889 1091 est
915 1041 1054 1105 qnod
1083 1047 1471 1107 exspectemus,
1511 1052 1607 1089 uos
1632 1037 1697 1090 de
1726 1052 1786 1089 eo
1816 1040 2055 1089 certiores
2092 1050 2209 1088 esse

334 1129 515 1184 posse,
555 1130 710 1182 quam
739 1118 883 1182 ipsos
914 1117 1188 1183 propbetas
1207 1156 1219 1179 ‚
1259 1116 1456 1184 quibus
1486 1116 1655 1182 primo
1690 1114 1965 1166 revelatum
1993 1114 2119 1176 fuit,
2160 1118 2212 1163 et

336 1207 556 1257 quorum
575 1201 748 1244 tamen
766 1194 1018 1245 certitudo
1038 1209 1140 1245 non
1163 1195 1265 1245 nisi
1288 1193 1493 1245 moralis
1523 1192 1647 1256 fuit,
1687 1192 1863 1242 utiam
1886 1190 2209 1243 ostendimus

335 1283 447 1335 cap.
469 1270 536 1320 ΙΙ.
560 1269 720 1322 buius
738 1276 979 1321 tractatus
998 1270 1063 1333 ¹).
1135 1272 1224 1326 29.
1261 1272 1307 1321 Ii
1334 1270 1489 1335 igitur
1508 1276 1608 1321 tota
1628 1270 1797 1319 errant
1816 1269 1921 1329 via,
1960 1266 2050 1333 qui
2069 1266 2211 1317 Scri-

335 1352 514 1411 pturae
561 1347 912 1398 auctoritatem
958 1347 1335 1399 mathematicis
1373 1342 1902 1397 demonstrationibus
1940 1341 2209 1395 ostendere

338 1429 606 1473 conantur.
629 1434 638 1443 ·
677 1424 807 1474 Nam
829 1422 1114 1474 Bibliorum
1141 1424 1420 1482 auctoritas
1447 1422 1512 1473 ab
1532 1422 1831 1472 auctoritate
1848 1420 2209 1485 prophetarum

339 1498 619 1563 dependet,
651 1498 883 1565 adeoque
903 1501 1012 1565 ipsa
1034 1500 1194 1551 nullis
1214 1498 1512 1551 fortioribus
1535 1498 1851 1563 argumentis
1872 1496 2211 1547 demonstrari

338 1580 535 1639 potest,
576 1589 732 1639 quam
759 1576 826 1626 iis
856 1575 1048 1641 quibus
1073 1576 1353 1643 prophetae
1382 1576 1505 1627 olim
1524 1589 1674 1627 suam
1694 1573 1885 1641 populo
1903 1572 2214 1639 persuadere

339 1650 601 1709 solebant;
641 1654 745 1702 imo
774 1652 916 1705 nullo
944 1652 1044 1704 alio
1072 1654 1412 1705 fundamento
1439 1657 1610 1703 nostra
1650 1650 1715 1702 de
1749 1649 1928 1702 eadem
1965 1646 2214 1702 certitudo

339 1726 546 1780 fundari
583 1734 786 1794 potest,
844 1742 999 1794 quam
1038 1745 1097 1782 eo
1134 1746 1238 1797 quo
1272 1728 1551 1798 prophetae
1586 1740 1738 1780 suam
1775 1724 2131 1780 certitudinem
2168 1730 2219 1777 et

343 1807 694 1856 auctoritatem
716 1803 1024 1857 fundabant.
1097 1807 1182 1860 30.
1220 1809 1354 1859 Nam
1374 1813 1531 1858 totam
1555 1803 1925 1873 prophetarum
1944 1801 2217 1855 certi-tudi-

341 1894 458 1932 nem
479 1879 559 1931 his
579 1880 748 1932 tribus
767 1883 1048 1934 consistere
1067 1883 1421 1936 ostendimus:
1452 1895 1640 1949 nempe
1658 1884 1701 1934 1.
1722 1881 1969 1933 distincta
1990 1886 2039 1931 et
2055 1878 2218 1930 vivida

340 1957 732 2022 imaginatione;
769 1959 839 2008 11.
869 1959 1044 2023 sigum
1085 1961 1183 2011 111.
1217 1959 1443 2025 denique
1472 1965 1525 2010 et
1552 1959 1827 2024 praecipue
1846 1958 2018 2008 animo
2038 1953 2103 2006 ad
2123 1969 2215 2007 ae·-

343 2047 504 2098 quum
524 2039 576 2083 et
596 2032 791 2084 bonum
812 2035 1073 2086 inclinato.
1132 2037 1240 2088 Nec
1257 2035 1379 2086 ullis
1398 2035 1510 2087 aliis
1530 2033 1815 2086 rationibus
1834 2032 2213 2092 fundabantur3

343 2110 574 2174 adeoque
593 2124 762 2176 neque
781 2112 931 2164 etiarn
953 2111 1146 2178 populo
1162 2151 1176 2173 ‚
1215 2113 1299 2162 cui
1318 2111 1443 2163 olim
1462 2113 1571 2163 viva
1588 2124 1735 2172 voce,
1777 2123 1871 2160 nec
1891 2108 2044 2160 nobis
2059 2147 2073 2169 ‚
2096 2108 2219 2173 qui-

343 2184 444 2237 bus
463 2189 656 2254 scripto
675 2187 974 2252 loquuntur,
1000 2189 1120 2240 ullis
1142 2189 1256 2240 aliis
1276 2188 1564 2240 rationibus
1582 2201 1733 2239 suam
1754 2187 2101 2238 auctoritatem
2121 2183 2218 2233 de·-

345 2270 628 2314 monstrare
657 2271 957 2330 potuerunt.
1038 2266 1124 2317 31.
1163 2266 1234 2317 At
1260 2267 1518 2332 primum,
1558 2263 1701 2330 quod
1726 2262 1923 2314 scilicet
1948 2275 2031 2312 res
2056 2258 2220 2314 vivide

345 2339 784 2405 imaginabantur,
823 2341 1086 2408 prophetis
1114 2348 1313 2394 tantum
1342 2350 1577 2393 constare
1618 2345 1833 2406 poterat.
1907 2337 2083 2400 Quare
2115 2343 2222 2387 tota

346 2423 519 2468 nostra
551 2416 616 2468 de
643 2417 949 2470 revelatione
969 2419 1219 2470 certitudo
1237 2420 1293 2470 in
1312 2418 1527 2484 reliquis
1548 2416 1755 2468 duobus
1776 2422 1993 2476 tantum,
2032 2425 2221 2479 nempe

347 2493 494 2556 siguo
521 2501 570 2544 et
597 2493 851 2558 doctrina,
885 2493 1088 2546 fundari
1118 2503 1290 2561 potest
1316 2503 1366 2546 et
1394 2493 1566 2547 debet.
1640 2493 1793 2555 Quod
1815 2491 2025 2558 quidem
2046 2492 2223 2543 Moses

347 2569 498 2619 etiam
527 2583 762 2636 expresse
791 2571 959 2623 docet.
1031 2572 1118 2625 32.
1153 2573 1284 2622 Nam
1311 2573 1523 2623 Denter.
1546 2584 1661 2636 cap.
1687 2569 1770 2621 18.
1801 2567 1945 2620 iubet
1970 2567 2223 2633 populum

347 2643 552 2697 obedire
581 2646 886 2712 prophetae,
925 2647 1016 2713 qui
1045 2648 1252 2699 nomine
1280 2648 1373 2698 Dei
1402 2661 1577 2698 verum
1608 2648 1815 2713 signum
1853 2643 1997 2696 dedit
2009 2643 2092 2710 2);
2130 2641 2223 2693 sed

345 2722 392 2772 si
409 2722 540 2774 falso
559 2721 756 2788 aliquid
770 2761 784 2785 ,
816 2725 911 2774 etsi
935 2725 1142 2774 nomine
1159 2725 1256 2775 Dei
1274 2763 1288 2786 ,
1327 2722 1659 2790 praedixerit,
1700 2723 1880 2774 mortis
1900 2728 2072 2770 tamen
2091 2733 2224 2770 cun-

347 2797 466 2849 dem
497 2798 767 2861 damnare,
807 2805 868 2850 ut
895 2800 1045 2852 ctiam
1074 2813 1221 2864 eum,
1261 2800 1355 2865 qui
1381 2800 1633 2869 populum
1664 2812 1693 2849 a
1720 2812 1836 2850 vera
1864 2795 2109 2860 religione
2136 2807 2225 2846 se·-

346 2874 534 2928 ducere
569 2875 816 2936 volucrit,
865 2877 1071 2930 tametsi
1106 2891 1256 2929 suam
1292 2877 1648 2928 auctoritatem
1684 2872 1849 2941 signis
1884 2879 1937 2923 ct
1972 2871 2223 2937 portentis

452 3065 494 3110 1)
530 3062 630 3106 Vid.
653 3073 757 3117 cap.
775 3063 816 3104 2.
837 3062 879 3114 ς.
899 3061 938 3102 4.
961 3073 1064 3118 sqq.

447 3124 492 3173 2)
529 3121 720 3166 Denter.
743 3131 842 3177 cap.
866 3123 930 3165 18.
951 3133 992 3166 v.
1011 3123 1077 3168 2⁰.
1098 3133 1202 3180 sqq.
