2548 3485
1088 183 1223 230 car.
1277 182 1397 228 xu.
2058 175 2171 234 181

304 361 456 411 cretis
476 358 652 427 plures
673 360 789 424 alii,
831 362 920 427 qui
943 362 1074 413 sacri
1103 375 1132 412 a
1152 359 1329 413 multis
1348 358 1702 424 habebantur,
1743 367 1799 412 ut
1818 359 1985 427 spurii
2006 361 2177 413 reiecti

303 445 447 490 sunt.
519 438 590 489 At
617 437 798 490 horum
831 438 1163 490 conciliorum
1187 438 1319 506 (tam
1341 437 1729 490 Pharisaeorum
1750 453 1906 506 quam
1929 437 2179 489 Christia-

303 513 530 584 norum)
572 514 802 568 membra
841 531 942 568 non
981 515 1285 567 constabant
1322 529 1382 566 ex
1415 514 1705 582 prophetiS,
1755 515 1847 567 sed
1885 521 2083 566 tanturn
2120 529 2180 566 ex

302 591 602 644 doctoribus
631 599 682 648 et
711 594 909 659 peritis.
982 593 1049 644 Et
1070 601 1240 643 tamen
1264 590 1529 645 fatendum
1562 593 1850 645 necessario
1870 599 1975 654 est,
2016 607 2105 644 eos
2128 593 2179 646 in

303 670 398 720 hac
418 669 665 722 electione
685 670 896 722 verbum
916 671 1009 721 Dei
1029 684 1122 737 pro
1143 683 1321 720 norma
1344 667 1615 730 hahuisse;
1656 668 1887 746 adeoque
1906 677 2181 736 antequam

304 762 484 798 omnes
525 745 684 799 libros
719 747 1088 814 probaverant,
1128 745 1421 798 debuerunt
1448 747 1734 799 necessario
1770 747 2002 799 notitiam
2039 746 2181 800 verbi
2280 752 2286 758 ”

303 824 396 875 Dei
419 824 626 876 hahere.
699 825 785 878 29.
825 826 918 876 lv.
959 825 1094 887 Quia
1113 823 1333 893 apostoli
1354 839 1457 876 non
1478 830 1722 890 tanquam
1742 825 2048 892 prophetae,
2088 825 2182 876 sed

305 899 468 968 (utin
499 901 834 968 praecedente
865 903 1028 968 capite
1046 901 1096 966 ¹)
1127 901 1375 970 diximus)
1402 907 1647 968 tanquam
1677 901 1911 954 doctores
1949 901 2180 968 scripse-

303 985 450 1040 runt,
491 984 542 1028 et
567 978 698 1028 viam
729 978 791 1029 ad
820 978 1110 1031 docendum
1138 979 1431 1044 elegerunt,
1472 993 1628 1045 quam
1666 977 1945 1030 faciliorem
1982 975 2183 1030 iudica-

303 1061 484 1107 verunt
519 1054 628 1106 fore
668 1053 966 1122 discipulis,
1005 1069 1137 1122 quos
1174 1049 1283 1107 tum
1321 1055 1503 1108 docere
1531 1054 1787 1107 volebant.
1859 1056 1934 1106 Ex
1960 1069 2064 1122 quo
2094 1069 2183 1106 se-

306 1134 508 1199 quitur,
549 1132 603 1182 in
633 1132 696 1182 iis
725 1132 819 1198 (ut
847 1133 1000 1185 etiam
1033 1134 1084 1185 in
1114 1130 1214 1184 fine
1243 1133 1489 1200 praedicti
1518 1133 1695 1200 capitis
1712 1133 1767 1200 ²)
1802 1131 2183 1200 conclusimus)

304 1211 465 1260 multa
497 1209 774 1274 contineri,
811 1209 1004 1276 quihus
1035 1211 1136 1260 iam
1167 1211 1362 1262 ratione
1392 1210 1650 1275 religionis
1680 1223 1849 1262 carere
1876 1223 2179 1275 possumuS.

304 1287 391 1338 30.
433 1289 496 1338 V.
535 1285 775 1352 Denique
805 1288 925 1352 quia
954 1293 1178 1353 quatuor
1194 1285 1454 1352 habentur
1474 1287 1527 1338 in
1548 1301 1678 1337 novo
1702 1291 2007 1339 testamento
2028 1301 2184 1338 evan-

307 1365 536 1430 gelistae.
584 1363 649 1413 Et
671 1364 788 1428 quis
809 1363 1007 1427 credet,
1046 1363 1188 1430 quod
1207 1366 1351 1416 Deus
1372 1371 1553 1430 quater
1573 1363 1835 1415 historiam
1855 1362 2042 1422 Christi
2062 1377 2183 1414 nar-

306 1455 418 1492 rare
453 1440 670 1491 voluerit
704 1447 755 1491 et
789 1442 982 1508 scripto
1020 1439 1317 1492 hominibus
1354 1435 1776 1492 communicare?
1842 1441 1911 1492 Et
1949 1442 2181 1505 quamvis

306 1515 559 1584 quaedam
609 1518 662 1567 in
702 1532 805 1570 uno
841 1519 1228 1582 contineantur,
1267 1531 1401 1584 quae
1438 1517 1493 1568 in
1530 1517 1629 1568 alio
1668 1531 1772 1569 non
1810 1516 2093 1579 habentur,
2134 1524 2185 1567 et

305 1593 444 1662 quod
475 1607 613 1646 unus
641 1593 706 1645 ad
734 1593 895 1646 alium
922 1593 1313 1661 intelligendum
1342 1609 1495 1660 saepe
1522 1595 1689 1658 iuvet,
1729 1592 1851 1647 inde
1878 1601 2047 1644 tamen
2078 1608 2181 1646 non

304 1669 721 1724 concludendum
769 1661 874 1732 es‘t,
931 1673 1132 1734 omnia,
1189 1686 1323 1738 quae
1359 1672 1414 1723 in
1453 1671 1595 1724 hisce
1632 1663 1853 1738 quatuhr
1890 1677 2178 1732 narrantur,

305 1751 510 1817 cognitu
543 1750 829 1800 necessaria
861 1748 1049 1813 fuisse,
1091 1756 1141 1801 et
1167 1752 1337 1801 Deum
1366 1764 1455 1801 eos
1483 1750 1697 1815 elegisse
1726 1748 1791 1800 ad
1828 1748 2179 1811 scribendum,

305 1835 362 1879 ut
393 1827 579 1879 Christi
609 1825 822 1877 historia
851 1826 1038 1878 melius
1067 1826 1453 1894 intelligeretur.
1527 1826 1613 1879 31.
1650 1827 1781 1877 Nam
1819 1826 2183 1892 unusquisque

306 1920 462 1958 sunm
497 1903 815 1969 evangelium
845 1903 1044 1955 diverso
1084 1904 1197 1955 loeo
1235 1903 1573 1971 praedicavit,
1616 1909 1666 1954 et
1704 1904 2071 1969 unusquisque
2106 1903 2179 1964 id,

305 1979 445 2050 quod
489 1980 890 2048 praedicaverat,
947 1982 1180 2047 scripsit,
1231 1980 1387 2045 idque
1438 1979 1763 2047 simpliciter,
1812 1987 1869 2030 ut
1915 1980 2181 2031 historiam

307 2060 498 2111 Christi
537 2056 762 2109 dilucide
801 2066 1052 2120 narraret,
1096 2064 1146 2109 et
1177 2072 1280 2109 non
1308 2056 1372 2109 ad
1411 2056 1640 2122 reliquos
1677 2055 2054 2122 explicandum.
2128 2058 2184 2107 Si

306 2138 405 2188 iam
437 2151 495 2188 ex
524 2149 703 2185 eorum
734 2141 913 2185 mutua
945 2134 1218 2187 collatione
1245 2132 1453 2185 facilius
1480 2141 1530 2185 et
1560 2133 1747 2185 melius
1768 2133 2081 2198 quandoque
2100 2135 2184 2184 in-

305 2214 620 2279 telliguntur,
642 2211 695 2262 id
713 2225 834 2262 casu
857 2212 1106 2277 contingit
1124 2218 1173 2262 et
1194 2212 1370 2278 paucis
1388 2218 1587 2262 tantum
1608 2212 1661 2261 in
1683 2210 1824 2270 lociS,
1849 2223 1983 2275 quae
2003 2225 2184 2276 quam-

305 2292 380 2341 vis
402 2292 777 2355 ignorarentur,
822 2288 1032 2341 historia
1053 2296 1224 2341 tamen
1245 2302 1410 2355 aeque
1429 2288 1701 2355 perspicua
1720 2293 1858 2339 esset
1878 2294 1929 2337 et
1945 2286 2182 2341 homines

307 2382 408 2418 non
431 2367 604 2417 minus
625 2364 780 2417 beati.
855 2374 857 2377 ⁴

409 2444 493 2499 32.
535 2444 632 2493 His
663 2442 988 2494 ostendimus
1018 2442 1335 2509 scripturam
1364 2440 1839 2507 ratione-religionis
1857 2447 2057 2513 tantum
2078 2443 2183 2495 sive

309 2522 504 2571 ratione
532 2519 659 2586 legis
691 2519 894 2571 divinae
923 2520 1229 2572 universalis
1249 2520 1455 2587 proprie
1476 2520 1639 2571 vocari
1660 2517 1872 2571 verbum
1890 2519 2006 2571 Dei.
2081 2522 2184 2571 Su-

307 2604 478 2664 perest
495 2598 596 2651 iam
618 2595 888 2649 ostendere
907 2598 1150 2663 eandem,
1189 2603 1448 2667 quatenus
1457 2598 1679 2665 proprie
1696 2598 1773 2647 sic
1793 2601 2042 2659 vocatur,
2079 2612 2183 2647 non

307 2692 414 2727 ease
448 2674 778 2739 mendosam,
835 2674 1178 2743 depravatam
1209 2691 1379 2742 neque
1417 2680 1737 2728 tunicatam.
1807 2674 1971 2741 Atqui
2010 2673 2059 2723 id
2100 2672 2181 2723 hic

305 2752 632 2817 mendosum,
673 2752 1019 2821 depravatum
1047 2759 1200 2819 atque
1227 2757 1531 2805 mucetum
1560 2766 1713 2814 voco,
1752 2750 1893 2817 quod
1916 2749 2041 2801 adeo
2062 2764 2181 2814 per-

304 2843 481 2896 peram
513 2831 766 2897 scriptum
797 2836 847 2881 et
876 2836 1228 2883 constructum
1258 2836 1365 2896 est,
1406 2837 1465 2882 ut
1498 2843 1688 2882 sensus
1723 2826 1965 2877 orationis
1994 2840 2052 2876 ex
2079 2839 2178 2876 usu

306 2906 511 2973 linguae
575 2906 867 2974 investigari
929 2906 1010 2960 vel
1062 2921 1122 2959 ex
1173 2906 1283 2960 sola
1338 2907 1598 2975 Scriptura
1650 2903 1882 2970 depromi
1937 2910 2176 2967 nequeat.

407 3095 450 3146 1)
489 3093 585 3137 Vid.
607 3104 712 3149 cap.
740 3096 804 3139 11.
828 3095 944 3150 inpr.
967 3096 1009 3149 ς.
1031 3098 1096 3139 10.
1117 3106 1220 3151 sqq.
1243 3096 1285 3148 ς.
1308 3095 1371 3135 16.
1392 3104 1497 3150 sqq.

407 3156 450 3207 2)
485 3153 586 3199 vid.
608 3164 710 3211 cap.
731 3156 796 3197 ιι.
815 3156 856 3207 ς.
877 3155 944 3197 21.
