2548 3485
991 134 998 140 ·
1059 125 1196 172 cst.
1253 124 1317 174 11.
2046 121 2127 180 45

237 305 397 366 ravit:
438 311 488 356 et
517 302 634 356 ideo
663 285 814 355 etiam
835 317 892 355 se
910 317 1067 370 supra
1085 303 1247 369 legem
1270 303 1417 371 (nam
1438 318 1496 356 ea
1517 303 1583 355 iis
1602 310 1805 355 tantum
1824 301 2009 356 tradita
2028 311 2123 366 est,

235 383 331 446 qui
363 384 560 432 ratione
587 387 638 432 et
657 379 906 432 naturalis
923 379 1215 432 intellectus
1236 382 1563 433 documentis
1583 383 1783 449 carent)
1803 382 2125 443 existimavit,

233 459 488 526 legesque
509 472 712 521 omnes,
752 473 886 524 quae
907 473 1076 523 regem
1099 467 1347 525 spectant,
1388 466 1441 511 et
1458 473 1591 526 quae
1612 458 1777 511 tribus
1798 459 2127 528 potissimum

233 536 548 588 constabant
576 535 718 603 (vide
746 538 899 588 Dent.
932 549 1047 602 cap.
1073 536 1156 589 17.
1179 552 1226 588 v.
1251 537 1336 588 16.
1362 535 1502 605 17.)‚
1544 537 1683 604 parvi
1711 536 1983 604 pependit,
2022 537 2129 586 imo

234 629 332 665 eas
363 615 512 682 plane
540 612 741 666 violavit
779 612 870 680 (in
909 629 1013 679 quo
1054 621 1222 664 tamen
1262 615 1473 674 erravit,
1512 627 1605 666 nec
1642 613 1783 680 quod
1822 611 2129 682 philosopho

241 691 460 757 dignum
482 692 612 758 egit,
651 702 866 757 nempe,
909 689 1047 757 quod
1077 690 1425 758 voluptatibus
1454 691 1782 760 indulserit),
1823 692 1996 743 omnia
2023 691 2129 741 for-

237 777 398 820 tunae
427 768 564 821 hona
593 768 901 820 mortalibus
932 782 1058 820 vana
1089 782 1206 820 esse
1237 767 1413 819 docuit
1442 770 1581 832 (vide
1597 768 1985 832 Ecclesiast.)et
2002 768 2127 819 nihil

237 847 482 898 homines
519 845 782 898 intellectu
821 847 1168 912 praestantius
1204 828 1429 912 habere,
1487 861 1583 898 nec
1627 847 1807 900 maiori
1852 846 2125 934 supplicio,

237 939 400 990 quam
422 924 657 985 stultitia,
698 924 893 990 puniri.
963 924 1096 975 Vide
1115 923 1359 975 Proverb.
1383 938 1497 990 cap.
1524 925 1606 976 16.
1629 939 1677 974 v.
1700 927 1787 978 22.
1809 924 1937 979 23.

273 1038 282 1046 -
347 1003 434 1054 49.
469 1002 576 1055 Sed
597 1002 660 1054 ad
692 1001 968 1068 prophetas
997 1009 1336 1066 revertamur,
1378 1015 1601 1067 quorum
1633 1001 1985 1068 discrepantes
2014 1001 2130 1067 opi-

241 1080 428 1130 niones
457 1081 610 1131 etiam
639 1086 816 1131 notare
835 1079 1184 1144 suscepimus·
1255 1077 1539 1131 Ezechielis
1560 1079 1843 1130 sententias
1862 1079 1991 1130 adeo
2010 1093 2132 1130 sen-

239 1157 420 1208 tentiis
439 1158 605 1210 Mosis
627 1163 972 1223 repugnantes
993 1157 1302 1208 invenerunt
1318 1154 1505 1221 Rabini
1520 1195 1533 1218 ‚
1576 1157 1666 1222 qui
1696 1155 1849 1208 nohis
1876 1153 1995 1207 illos
2012 1153 2131 1222 (qui

239 1235 346 1284 iam
379 1241 578 1286 tantum
600 1235 822 1299 exstant)
853 1232 1014 1284 libros
1044 1233 1411 1300 prophetarum
1439 1232 1759 1301 reliquerunt
1789 1233 1891 1301 (uti
1918 1241 2130 1285 tractatu

239 1310 452 1363 Sabbati
473 1327 588 1379 cap.
614 1314 663 1371 1,.
685 1310 778 1362 iol.
801 1312 884 1362 13.
905 1327 961 1378 p.
984 1311 1038 1364 2.
1061 1312 1348 1376 narratur),
1372 1317 1432 1363 ut
1450 1311 1553 1362 fere
1574 1309 1980 1375 deliberaverint,
2019 1313 2129 1362 eius

238 1387 433 1440 librum
465 1389 600 1440 inter
627 1388 904 1458 canonicos
935 1403 1037 1440 non
1066 1387 1361 1450 admittere,
1402 1395 1559 1455 atque
1586 1389 1811 1440 eundem
1839 1388 1990 1456 plane
2009 1388 2131 1440 abs—

239 1466 631 1531 condidisscnt,
667 1467 767 1518 nisi
798 1465 1008 1532 quidam
1032 1465 1322 1517 Chananias
1352 1467 1403 1516 in
1433 1479 1491 1517 se
1510 1467 1829 1532 suscepisset
1848 1468 2049 1534 ipsum
2044 1481 2131 1518 ex-

237 1543 461 1610 plicam
506 1544 645 1611 quod
677 1543 884 1595 tandem
913 1557 1102 1610 magno
1131 1555 1248 1594 cum
1279 1541 1453 1594 labore
1482 1548 1532 1593 et
1561 1543 1734 1595 studio
1754 1543 1840 1610 (ut
1860 1543 1932 1594 ibi
1953 1557 2131 1595 narra-

239 1622 351 1687 tur)
382 1622 526 1672 aiunt
555 1623 726 1688 ipsum
757 1621 971 1682 secisse3
1014 1635 1115 1686 qna
1144 1621 1338 1672 ratione
1368 1628 1569 1685 autem,
1612 1635 1717 1672 non
1748 1623 1875 1679 satis
1904 1628 2123 1681 constat,

238 1713 459 1765 nempe,
501 1713 564 1751 an
586 1698 728 1766 quod
751 1684 1206 1762 commentarium,
1247 1699 1338 1765 qui
1363 1697 1492 1751 l'orte
1511 1699 1691 1766 periit,
1730 1701 2011 1767 scripserit,
2053 1697 2128 1750 vel

243 1777 422 1843 quod
407 1792 518 1845 ipsa
538 1776 824 1829 Ezechielis
843 1776 996 1829 verba
1025 1785 1077 1828 et
1097 1778 1355 1827 orationes
1376 1775 1463 1843 (ut
1483 1777 1581 1829 fuit
1598 1776 1836 1840 audacia)
1860 1778 2128 1829 mutaverit

239 1863 292 1906 et
313 1870 371 1906 ex
391 1868 490 1906 suo
511 1856 718 1920 ingenio
747 1856 1015 1905 ornaverit.
1091 1854 1361 1921 Quidquid
1390 1855 1487 1917 sit,
1528 1868 1643 1920 cap.
1664 1854 1846 1906 saltem
1870 1854 1979 1907 18.*
1978 1858 2125 1923 )ιιοιι

241 1932 444 1984 videtur
479 1932 748 1984 convenire
787 1946 904 1983 cnm
943 1945 1094 1984 versu
1123 1932 1175 1983 7.
1205 1946 1319 1999 cap.
1344 1932 1430 1984 34.
1462 1931 1657 1995 Exodi,
1698 1946 1794 1983 nec
1820 1946 1939 1983 eum
1968 1947 2016 1984 v.
2042 1932 2124 1984 18.

242 2025 360 2076 cap.
383 2010 469 2081 32.
492 2012 676 2062 Ierem.
703 2016 802 2060 etc.
877 2012 962 2061 5⁰.
1037 2007 1283 2060 Shamuel
1305 2008 1562 2072 credebat,
1592 2011 1780 2073 Deum,
1820 2007 1912 2068 uhi
1933 2009 2125 2075 aliquid

243 2088 562 2149 decreverat,
615 2101 881 2151 nunquam
920 2087 1110 2139 decreti
1146 2086 1410 2153 poenitere
1436 2084 1475 2153 '(
1487 2085 1603 2138 vide
1638 2084 1730 2137 lib.
1776 2087 1797 2137 1
1836 2085 2126 2138 Shamuelis

243 2181 358 2233 cap.
385 2166 470 2217 15.
493 2180 541 2215 v.
561 2164 708 2230 ²⁹03
747 2178 868 2215 nam
890 2164 1076 2226 Saule,
1119 2164 1203 2214 sui
1234 2165 1427 2229 peccati
1448 2163 1726 2231 poenitenti
1746 2170 1795 2213 et
1813 2164 1981 2215 Deum
2001 2164 2129 2215 ado·-

242 2258 353 2294 rare
384 2243 688 2306 veniamque
707 2240 772 2292 ab
800 2242 918 2307 ipso
949 2246 1125 2309 petere
1141 2240 1359 2307 volenti,
1398 2240 1548 2304 dixit,
1587 2241 1931 2308 Deum-suum
1952 2249 2126 2292 contra

245 2336 362 2372 cnm
383 2318 647 2380 decretum
671 2332 772 2369 non
797 2326 1135 2371 mutaturum.
1191 2319 1438 2371 Ieremiac
1459 2323 1631 2371 autem
1652 2324 1828 2369 contra
1851 2318 2125 2371 revelatum

243 2398 342 2449 fuit
371 2396 514 2463 (vide
533 2410 646 2461 cap.
672 2396 754 2447 18.
777 2410 827 2446 v.
850 2398 903 2448 8.
928 2397 1070 2465 10.),
1111 2412 1298 2463 nempe
1328 2398 1526 2459 Deum,
1566 2396 1673 2449 sive
1702 2396 1897 2463 aliquid
1926 2397 2119 2461 damni,

245 2477 351 2526 sive
380 2473 575 2540 aliquid
604 2472 728 2525 boni
758 2472 909 2525 alicui
942 2475 1133 2525 nationi
1164 2474 1468 2537 decreverit,
1507 2474 1589 2525 sui
1618 2474 1807 2527 decreti
1844 2476 2116 2541 poenitere,

246 2552 400 2604 modo
427 2551 661 2602 homines
691 2550 846 2601 etiam
874 2566 902 2601 a
936 2559 1164 2617 tempore
1195 2554 1478 2604 sententiae
1509 2551 1585 2604 vel
1616 2553 1669 2603 in
1698 2552 1915 2615 melius,
1954 2554 2030 2604 vel
2070 2554 2120 2604 in

245 2632 392 2697 peius
419 2635 712 2680 mutentur.
777 2628 847 2680 At
876 2630 979 2680 ΙοόΙ
1001 2631 1168 2681 Deum
1199 2631 1376 2682 damni
1403 2630 1666 2697 poenitere
1694 2636 1895 2680 tantum
1929 2630 2119 2680 docuit.

247 2706 401 2775 (Vide
432 2707 544 2757 eius
564 2710 677 2771 cap‘.
699 2708 753 2757 2.
776 2721 822 2759 v.
849 2706 964 2774 13.)
1037 2708 1120 2759 51.
1161 2708 1399 2772 Denique
1427 2721 1485 2757 ex
1515 2708 1679 2774 capite
1711 2710 1763 2759 4.
1784 2708 1974 2758 Genes.
1997 2720 2044 2757 v.
2070 2708 2120 2758 7.

246 2785 527 2837 clarissime
556 2790 782 2845 constat,
824 2784 1085 2835 hominem
1113 2798 1269 2850 posse
1298 2786 1492 2852 peccati
1518 2784 1825 2836 tentationes
1847 2784 2055 2845 domare
2076 2792 2125 2834 et

245 2862 373 2914 bene
399 2876 576 2927 agere:
617 2860 670 2911 id
699 2863 836 2912 enim
865 2862 1036 2912 Kaino
1063 2861 1274 2926 dicitur,
1317 2864 1406 2927 qui
1432 2868 1603 2912 tamen
1621 2901 1633 2924 ‚
1672 2868 1734 2912 nt
1760 2874 1818 2911 ex
1848 2862 1962 2926 ipsa
1984 2862 2124 2911 Scri-

247 2948 387 3007 ptura
410 2947 461 2990 et
479 2938 700 3005 Iosepho
728 2946 954 3001 constat,
994 2952 1082 2990 eas
1111 2948 1381 3005 nunquam
1412 2939 1653 2991 domavit.
1727 2938 1871 2989 Idem
1893 2938 2045 2989 etiam
2066 2952 2122 2989 ex

343 3113 384 3163 *ὶ
426 3110 530 3155 Vid.
553 3109 768 3165 inprimis
788 3121 828 3153 v.
852 3110 914 3151 17.
934 3110 1002 3151 2⁰.
