2548 3485
358 157 479 216 114
754 155 1148 207 raacnws
1181 157 1835 211 wassenaco-pour.

351 358 549 423 Nempe
576 334 662 418 ἢκ
689 355 768 418 el,
806 355 945 422 quod
981 355 1233 422 significat
1265 355 1363 418 ad,
1402 357 1625 408 sumitur
1654 370 1811 423 saepe
1845 371 1939 423 pro
1973 331 2049 426 ⁸737
2072 353 2225 420 ligat,

353 442 496 510 quod
515 441 769 510 siguificat
783 457 958 509 reaper,
997 447 1049 492 et
1064 443 1172 494 vice
1188 455 1353 494 versa.
1423 441 1573 494 Unde
1590 441 1672 506 iit,
1711 447 1770 494 ut
1786 455 1966 492 omnes
1984 440 2229 492 orationis

351 527 521 587 partes
549 533 704 586 saepe
730 520 808 572 vel
836 517 1104 584 ambiguae
1133 519 1441 583 reddantur,
1478 519 1556 571 vel
1598 527 1842 585 tanquam
1878 532 2057 580 voces,
2097 531 2229 583 quae

249 629 252 634 -
351 597 548 650 nullam
566 595 760 651 hahent
777 595 1219 662 significationem.

452 673 541 728 49.
580 673 820 728 Secunda
845 671 1030 726 deinde
1059 675 1220 726 oritur
1245 673 1535 725 orationum
1557 673 1865 740 ambiguitas
1884 685 1943 723 ex
1960 631 2234 736 multiplici

353 759 775 812 coniunctionum
803 765 855 810 et
881 758 1237 811 adverbiorum
1266 759 1653 825 significatione.
1724 759 1819 810 Ex.
1842 773 1918 824 gr.
1938 764 2081 818 nean
2109 769 2232 822 pro-

355 847 551 898 miscue
579 845 790 896 inservit
814 843 880 896 ad
909 844 1325 911 coniungendam
1346 851 1396 896 et
1414 844 1816 910 disiungendum
1832 883 1845 904 ‚
1885 842 2139 910 significat
2158 847 2229 904 et,

353 932 470 997 sed,
511 933 669 998 quia,
706 935 908 994 autem,
949 935 1080 981 tum.
1155 937 1233 992 22.
1257 932 1315 981 ki
1351 937 1550 996 septem
1586 937 1675 980 aut
1710 935 1824 980 octo
1852 928 2005 981 babet
2033 929 2232 994 signifi-

355 1018 608 1093 cationes3
647 1029 862 1082 nempe,
901 1019 1058 1082 quia,
1090 1019 1353 1085 quamvis,
1383 1015 1460 1078 ai,
1499 1015 1739 1082 quande,
1778 1015 2229 1082 quemadmodum,

353 1093 522 1162 quod,
563 1095 852 1144 combustio
872 1098 973 1143 ete.
1047 1094 1114 1144 Et
1132 1095 1206 1144 sic
1226 1092 1330 1146 fere
1349 1107 1529 1144 omues
1548 1092 1846 1160 particulae.

491 1179 574 1231 50.
611 1179 781 1230 Tertia
802 1167 898 1240 est,=
921 1185 972 1229 et
989 1193 1120 1244 quae
1139 1178 1417 1230 multarum
1438 1176 1831 1244 ambiguitatum
1853 1176 1970 1228 fons
1990 1185 2089 1240 est,
2110 1178 2230 1244 quia

353 1255 506 1310 verba
533 1257 588 1308 in
617 1255 890 1307 indicativo
917 1261 1091 1307 carent
1110 1257 1391 1321 praesenti,
1428 1257 1702 1322 praeterito
1722 1255 2045 1321 imperfecto,
2081 1252 2233 1323 plus-

355 1332 758 1402 quamperfecto,
798 1333 972 1390 futuro
994 1332 1219 1399 perfecto
1238 1340 1287 1384 et
1306 1333 1417 1384 aliis
1437 1332 1490 1384 in
1510 1333 1624 1384 aliis
1646 1324 1837 1398 linguis
1856 1333 2229 1394 usitatissimiS,

353 1417 407 1464 in
435 1412 731 1478 imperativo
759 1418 930 1463 autem
960 1418 1010 1462 et
1035 1411 1289 1462 infinitivo
1318 1408 1563 1460 omnibus
1587 1416 1785 1475 praeter
1801 1408 2072 1477 praeSens5
2113 1417 2164 1460 et
2182 1410 2232 1462 iu

356 1489 681 1542 subiunctivo
720 1487 962 1540 omnibus
997 1487 1233 1540 absolute
1269 1493 1460 1538 carent.
1532 1487 1599 1538 Et
1633 1487 1868 1552 quamvis
1905 1485 2029 1539 haec
2064 1486 2233 1538 omnia

357 1575 646 1634 temporum
666 1571 716 1617 et
740 1566 1012 1618 modorum
1041 1564 1236 1616 defecta
1263 1563 1415 1615 certis
1446 1563 1634 1629 regulis
1662 1578 1721 1615 ex
1748 1562 2097 1616 fundamentis
2124 1563 2233 1616 lin.-

358 1658 488 1712 guae
509 1642 742 1695 deductis
765 1641 940 1703 facile,
979 1640 1084 1691 imo
1103 1635 1307 1692 sum'ma
1328 1654 1444 1690 cum
1466 1639 1711 1705 elegantia
1742 1639 1974 1706 suppleri
1999 1646 2231 1706 possent,
2272 1655 2277 1660 ·

359 1721 634 1787 scriptores
661 1724 833 1771 tamen
859 1717 1209 1789 antiquissimi
1235 1731 1323 1769 eas
1353 1717 1506 1785 plane
1527 1717 1856 1783 neglexerunt
1873 1723 1924 1769 et
1941 1717 2236 1784 promiscue
2273 1716 2278 1721 “

361 1806 568 1863 tempus
601 1796 834 1846 futurum
853 1809 945 1861 pro
965 1796 1220 1861 praesenti
1236 1802 1288 1846 et
1306 1796 1603 1863 praeterito,
1646 1802 1695 1845 et
1714 1801 1889 1845 contra
1907 1796 2235 1861 praeteri-tum

359 1888 452 1941 pro
472 1874 646 1929 futuro,
659 1911 672 1933 ,
715 1880 765 1923 et
785 1879 1046 1938 praeterea
1063 1872 1390 1923 indicativum
1412 1886 1503 1939 pro
1524 1872 1822 1938 imperativo
1842 1878 1891 1923 et
1910 1870 2237 1924 subiunctivo

361 1956 764 2017 usurpaverunt;
807 1949 964 2015 idque
985 1964 1089 2000 non
1112 1950 1224 2001 sine
1245 1963 1429 2015 magna
1447 1948 1761 2015 amphibolia
1781 1950 2090 2001 orationum.

470 2028 554 2079 51.
593 2026 798 2079 Praeter
823 2024 916 2077 has
947 2022 1057 2077 tres*
1079 2025 1473 2093 ambiguitatum
1500 2026 1704 2091 linguae
1732 2024 2015 2077 Hebraicae
2052 2039 2236 2077 causas
2276 2054 2281 2058 -

317 2114 322 2117 '
362 2104 493 2157 duae
511 2101 680 2155 adhuc
699 2104 826 2155 aliae
844 2108 1128 2169 supersunt
1147 2103 1428 2164 notandae,
1466 2100 1683 2169 quarum
1714 2116 2057 2168 unaquaeque
2084 2102 2251 2167 longe,

362 2182 570 2234 maioris
607 2186 687 2232 est
722 2180 990 2231 momenti.
1062 2176 1262 2232 Harum
1300 2181 1463 2247 prima
1499 2186 1602 2242 est,
1646 2180 1784 2244 quod
1814 2176 2036 2229 Hebraei
2061 2178 2233 2229 literas

363 2260 559 2312 vocales
577 2273 680 2309 non
700 2254 918 2319 habent;
957 2255 1214 2321 secunda,
1249 2257 1389 2322 quod
1411 2256 1571 2307 nullis
1590 2256 1752 2322 signis
1771 2252 2253 2316 orationeS‚distin-.

361 2350 515 2403 gnere
533 2333 794 2397 solebant,
818 2328 988 2400 neque
1007 2334 1287 2399 exprimere
1307 2334 1413 2385 sive
1433 2332 1720 2384 intendere.
1792 2334 1878 2385 52.
1916 2330 1981 2384 Et
2000 2330 2235 2395 quamvis

362 2413 486 2464 baec
506 2412 609 2463 duo
622 2451 639 2473 ‚.
674 2409 876 2463 vocales
895 2409 1088 2463 scilicet
1107 2416 1158 2461 et
1177 2411 1321 2477 signa
1337 2449 1352 2472 ,
1394 2411 1601 2478 punctis
1621 2417 1669 2460 et
1689 2405 1987 2463 accentibus
2004 2408 2238 2474 suppleri

361 2488 586 2549 soleant,
627 2488 703 2539 eis
739 2494 908 2539 tamen
935 2488 1258 2553 acquiescere
1290 2500 1391 2537 non
1420 2501 1731 2555 possumuS,
1764 2482 2190 2551 quandoquidem
2209 2499 2238 2536 a

360 2564 664 2633 posterioris
701 2565 810 2617 aevi
845 2561 1177 2629 hominibuS‚
1226 2577 1450 2630 quorum
1486 2564 1762 2633 auctori-tas
1796 2560 1934 2627 apud
1973 2576 2072 2613 nos
2110 2563 2237 2614 nibil

361 2642 516 2696 debet
533 2642 698 2693 valere
712 2680 726 2704 ,
748 2642 952 2692 inventa
973 2647 1024 2692 et
1042 2642 1274 2692 instituta
1294 2647 1418 2691 sunt
1433 2659 1449 2690 ε-
1489 2640 1689 2705 antiqui
1706 2646 1879 2692 autem
1900 2638 2013 2691 sine
2032 2642 2239 2706 punctis

361 2720 486 2789 (boc
521 2725 600 2771 est
636 2718 749 2770 sine
783 2716 1044 2770 vocalibus
1083 2724 1134 2768 et
1161 2716 1477 2779 accentibus)
1506 2716 1845 2782 scripserunt,
1888 2722 1948 2767 ut
1975 2731 2033 2769 ex
2061 2718 2239 2778 multis

362 2796 670 2850 testimoniis
701 2800 928 2855 constat3
968 2794 1160 2861 posteri
1189 2794 1335 2857 vero,
1374 2798 1526 2861 prout
1553 2791 1617 2844 iis
1638 2791 1804 2859 ΒῇὴΙὶει
1820 2793 2141 2860 interpretari
2159 2794 2237 2845 vi-

364 2888 484 2925 sum
509 2868 617 2936 est,
655 2871 780 2924 haec
808 2872 912 2922 duo
931 2866 1256 2922 addiderunt.
1330 2871 1501 2933 Quare
1518 2877 1758 2922 accentus
1778 2876 1827 2922 et
1846 2877 2035 2940 puncta
2052 2909 2067 2933 ‚
2107 2882 2237 2937 quae
2284 2889 2289 2895 ·

364 2950 468 2999 iam
489 2947 759 3010 babemus,
798 2948 969 3000 merae
988 2946 1355 2999 hodiernorum
1374 2944 1820 3015 interpretationes
1838 2950 1980 3009 sunt,
2003 2960 2097 2998 nec
2112 2945 2235 3012 plus

367 3024 488 3075 fidei
512 3039 676 3090 neque
703 3025 1018 3077 auctoritatis
1038 3032 1325 3087 merentur,
1366 3037 1522 3090 quam
1544 3024 1769 3092 reliquae
1787 3030 2051 3076 auctorum
2074 3022 2237 3088 expli-

371 3100 611 3153 cationes.
696 3103 781 3155 53.
819 3103 925 3167 Qui
961 3106 1130 3154 autem
1168 3102 1264 3154 boc
1298 3102 1555 3169 ignorant,
1600 3104 1860 3165 nesciunt,
1902 3114 2003 3167 qua
2038 3099 2236 3152 ratione
