2548 3485
1092 98 1229 143 car.
1283 96 1368 143 lv,
2023 92 2147 151 287

274 282 399 335 hnic
427 278 693 333 communi
722 274 943 329 defectui
980 272 1259 327 subvenire
1286 271 1523 324 voluerit.
1597 273 1695 325 Sed
1723 281 1900 340 postea
1937 272 2147 325 eosdem

274 354 617 411 examinando
642 354 769 406 nihil
800 354 975 405 minus
1002 352 1227 403 invenire
1255 350 1429 416 potui3
1469 349 1560 401 scd
1598 356 1772 401 contra
1807 348 2013 402 eosdem
2045 366 2148 401 non

277 440 481 487 tantum
513 432 609 485 hos
636 430 794 483 animi
814 428 1053 489 affamine,
1088 426 1181 479 sed
1211 426 1354 492 ipsas
1375 427 1628 479 orationes
1645 425 1978 479 confundere.
2048 427 2150 477 Iis-

277 511 399 563 dem
424 510 565 565 enim
594 508 729 560 tonis
757 507 943 568 utitur,
986 502 1191 570 quando
1220 502 1480 569 Scriptura
1509 503 1724 565 ironice,
1767 518 1921 569 quam
1939 501 2148 569 quando

280 585 588 655 simpliciter
612 584 867 649 loquitur3
906 579 1091 633 deinde
1125 579 1264 631 idem
1296 584 1538 631 accentus
1566 580 1924 647 proprietatem
1950 580 2145 647 puncti,

280 668 330 715 et
361 660 511 714 etiam
540 658 749 727 epicoli,
790 665 843 709 et
869 656 1089 709 duorum
1116 662 1428 723 punctorum
1455 654 1640 715 hahet,
1675 658 1745 707 ita
1771 662 1828 707 ut
1845 662 2148 707 accentuum

278 738 492 808 penuria
518 736 650 787 inter
678 742 872 786 tantam
902 732 1270 785 abundantiam
1297 728 1530 783 laborare
1565 733 1813 783 videatur.
1885 734 1936 783 4.
1977 732 2149 795 Quare

279 813 435 867 credo
452 812 773 865 introductos
792 824 881 862 eos
902 808 1066 861 fuisse
1080 845 1095 870 ‚
1132 816 1405 876 postquam
1427 807 1590 859 Biblia
1611 807 1664 858 in
1683 806 1888 874 publica
1906 806 2150 859 concione

282 890 500 955 singulis
545 888 814 940 sabbathis
860 886 1027 952 legere
1076 890 1451 936 consueverunt
1493 884 1782 948 Pharisaei,
1829 896 1896 935 ne
1931 885 2150 935 nimium

278 967 581 1019 festinanter
608 964 696 1032 (ut
726 962 834 1015 fleri
862 962 998 1014 solet
1014 962 1067 1013 in
1088 976 1241 1028 saepe
1260 962 1490 1027 repetitis
1507 960 1890 1029 devotionibus)
1919 960 2154 1027 legeren-

282 1050 383 1096 tur.
454 1042 522 1093 Et
549 1042 645 1093 hac
674 1039 736 1092 de
758 1052 915 1091 causa
936 1052 1113 1090 eorum
1136 1038 1385 1089 minutias
1404 1036 1690 1090 Pharisacis
1707 1044 1760 1089 et
1777 1037 1956 1089 otiosis
1973 1039 2154 1091 Maso-

282 1118 442 1171 rethis
462 1117 727 1184 relinqu03
766 1122 817 1167 et
835 1116 887 1166 id
909 1121 1129 1177 tantum,
1152 1112 1294 1180 quod
1312 1128 1469 1167 usum
1489 1113 1711 1180 aliquem
1728 1113 1916 1167 habere
1933 1114 2151 1179 videtur,

280 1193 489 1248 notabo.

386 1271 437 1321 5.
473 1269 797 1322 Accentus
832 1268 903 1319 ad
934 1266 1458 1332 distinguendam
1483 1266 1579 1318 vel
1606 1266 1984 1333 iungendam
2014 1281 2156 1319 ora·-

281 1348 543 1409 tionem‚
585 1352 643 1397 et
679 1344 870 1397 simul
906 1344 981 1395 ad
1016 1342 1325 1409 syllabam
1361 1343 1772 1397 attollendam
1808 1343 2158 1411 veldepri-

283 1421 571 1474 mendam
599 1421 889 1472 inservit.
962 1421 1181 1471 Versum
1211 1420 1316 1471 sive
1344 1419 1612 1485 periodum
1633 1421 1864 1473 clausam
1881 1432 1996 1473 esse
2015 1421 2156 1473 nullo

284 1505 500 1551 accentu
526 1496 869 1563 significatur:
908 1494 1076 1546 solent
1112 1502 1283 1547 tamen
1310 1494 1408 1547 hoc
1437 1495 1642 1548 duobus
1670 1497 1873 1563 punctis
1910 1495 2154 1560 indicare,

282 1591 369 1637 uta
408 1583 632 1676 Y’Rssffl,
670 1580 809 1647 quod
830 1579 1041 1647 quidem
1060 1580 1267 1647 signum
1306 1558 1486 1665 pq⁸77q
1532 1580 1720 1633 Silule'h
1755 1580 2064 1649 appellatur,
2104 1587 2156 1633 et

283 1669 609 1737 plerumque,
641 1682 745 1719 non
766 1679 989 1732 semper,
1020 1671 1079 1716 ut
1095 1666 1195 1717 iam
1216 1668 1536 1730 monuimus,
1568 1668 1846 1717 orationem
1865 1665 2154 1719 absolutam

286 1760 402 1799 csse
426 1744 669 1796 ostendit.
742 1745 797 1796 6.
832 1745 904 1794 At
929 1744 1087 1796 unius
1114 1757 1294 1796 versus
1321 1758 1416 1796 seu
1441 1744 1638 1812 periodi
1667 1751 1836 1810 partes
1855 1742 2156 1798 accentibus

288 1822 692 1888 distinguuntur.
764 1817 937 1884 Atque
974 1819 1055 1871 liic
1092 1833 1183 1884 per
1219 1827 1390 1885 partes
1427 1835 1604 1872 versus
1641 1835 1746 1872 non
1779 1827 1976 1873 tantum
2005 1820 2158 1874 verba

289 1896 545 1960 intelligo,
583 1896 675 1947 sed
705 1895 853 1945 etiam
875 1897 1145 1946 nominum
1166 1909 1339 1948 casus·
1409 1897 1603 1962 Nempe
1622 1903 1890 1958 accentus,
1929 1897 2019 1964 qui
2036 1912 2160 1964 pas-

289 1973 389 2024 sim
408 1972 765 2038 proprietatem
786 1969 937 2022 habet
953 1973 1223 2023 commatis
1236 2010 1251 2035 ,
1281 1979 1560 2038 usurpatur
1578 1974 1730 2024 etiam
1750 1971 1812 2023 ad
1833 1971 2162 2037 distinguen-

288 2049 417 2100 dum
446 2048 818 2099 nominativum
849 2055 899 2099 et
925 2048 1139 2100 verbum
1168 2061 1199 2100 a
1228 2049 1323 2100 sud
1351 2043 1641 2100 accusativo
1669 2054 1721 2098 et
1739 2062 1767 2100 a
1789 2047 2003 2113 reliquis
2022 2049 2161 2100 casi-

287 2125 417 2187 bus:
457 2124 687 2190 intellige
708 2123 915 2189 quando
934 2126 1253 2176 accusativus
1272 2125 1640 2175 nominativum
1661 2125 1917 2190 sequitui-3
1955 2125 2091 2189 quod
2112 2126 2160 2177 si

289 2201 441 2254 verbo
477 2206 529 2254 et
562 2201 879 2253 nominativo
913 2201 1291 2268 interponatur,
1331 2208 1444 2252 tum
1477 2198 1716 2260 verbum,
1757 2201 2073 2253 accusativus
2110 2209 2162 2254 et

290 2278 639 2330 nominativus
668 2291 827 2327 unam
852 2291 1033 2330 versus
1060 2285 1257 2329 tantum
1288 2284 1482 2344 partem
1513 2277 1862 2340 constituunt,
1901 2284 1960 2328 ut
1987 2285 2037 2328 et
2054 2278 2159 2329 duo

290 2353 443 2406 verba
457 2392 472 2415 ,
512 2367 645 2418 quae
662 2352 1021 2405 coniunctione
1038 2359 1091 2404 et
1109 2355 1436 2422 copulantur,
1477 2361 1528 2404 et
1545 2352 1746 2404 nullum
1767 2353 1954 2405 haben't
1971 2367 2160 2407 nomen

292 2429 393 2482 alio
422 2436 623 2494 practer
643 2429 1011 2481 nominativum
1032 2443 1157 2482 casn
1174 2431 1554 2496 interpositum.
1626 2429 1678 2480 7.
1714 2431 1768 2480 Si
1786 2430 1960 2496 itaque
1983 2445 2162 2483 versus

292 2520 396 2558 uon
424 2506 526 2558 nisi
545 2520 705 2559 uuam
724 2505 909 2560 habeat
928 2513 1123 2572 partem
1146 2506 1560 2574 distinguendam
1577 2544 1590 2568 ‚
1629 2505 1808 2561 eadem
1828 2507 2162 2574 distinguitur

292 2597 525 2653 accentu,
558 2591 649 2658 qui
669 2597 879 2644 vocatur
912 2594 1108 2670 &1¹¹1qu
1141 2595 1364 2658 targlzffi
1399 2593 1591 2658 quique
1617 2591 1750 2642 infra
1781 2592 2056 2645 dictionem
2086 2593 2164 2644 sic

292 2680 499 2726 notatur
532 2677 597 2736 2.
656 2675 806 2739 Quod
826 2675 871 2727 si
894 2659 1025 2727 duis
1040 2672 1211 2744 partes
1232 2676 1622 2744 distinguendas
1640 2675 1843 2740 habeat,
1868 2685 1979 2730 tum
1999 2677 2163 2743 prima

292 2766 499 2812 notatur
516 2773 607 2826 per
641 2764 839 2828 §tl-mm
872 2762 1096 2828 targlta,
1136 2761 1365 2813 secunda
1398 2775 1516 2814 vero
1553 2769 1793 2822 accentu,
1831 2763 1921 2826 qui
1955 2767 2164 2814 vocatur

292 2849 472 2934 ngr-333
518 2823 785 2912 amunia}
810 2827 1035 2914 'quique
1087 2844 1219 2899 infra
1278 2847 1552 2900 dictionem
1595 2848 1672 2898 sic
1724 2852 1928 2898 notatur
1981 2850 2057 2942 ῃ,
2105 2853 2165 2898 ut

293 2926 520 3034 Βῐῃῖκις
554 2947 745 2998 elohim
754 2968 776 3012 ‚·
796 2954 949 3016 atque
968 2944 1051 3000 hic
1068 2952 1310 3001 accentus
1328 2950 1580 3012 omnium,
1591 2948 1692 3014 ,qui
1709 2948 1774 3000 ad
1791 2953 1962 3016 partes
1980 2961 2160 3000 veluus

292 3031 720 3100 distinguendum
748 3033 1055 3097 inserviunt,
1094 3034 1407 3104 praecipuus
1435 3041 1542 3098 est,
1581 3039 1642 3087 ut
1665 3047 1724 3086 ex
1753 3032 1908 3086 modo
1927 3032 2162 3088 dicendis
