2548 3485
375 108 458 196 30
767 137 1158 184 ‘raac'ra'rus
1195 105 1853 188 senescalco-pour.

370 321 562 388 phetae
579 320 802 386 spiritus
817 317 924 367 Dei
932 318 1060 382 suit
1073 356 1090 380 ,
1126 317 1273 370 Deus
1288 317 1535 382 spinatum
1552 331 1703 368 suum
1720 317 2016 368 hominibus-
2031 317 2258 382 ἰηῇιάίὶ,

375 398 608 450 homines
622 396 820 462 spinter
835 395 941 446 Dei
957 399 1012 444 et
1026 396 1224 462 spiritu
1239 398 1423 446 sancto
1439 393 1632 460 repleti
1646 397 1771 444 stmt
1786 397 1887 444 etc.
1958 393 2099 444 Nihil
2117 394 2258 445 enim

375 473 515 524 aliud
543 471 859 537 significant,
902 485 1055 537 quam
1099 472 1239 537 quod
1277 471 1551 538 prophetae
1590 471 1826 520 virtutem
1855 469 2171 534 singularem
2210 478 2261 521 et

377 566 533 617 supra
567 561 897 600 communem
936 547 1290 616 habebant*),
1329 546 1575 614 quodque
1612 547 1851 614 pietatem
1892 547 2072 598 eximia
2100 548 2261 600 animi

375 627 664 680 constantia
703 624 968 685 colebant;
1007 624 1195 677 deinde
1231 625 1371 692 quod
1411 626 1513 676 Dei
1544 632 1769 676 mentem
1806 626 1911 676 sive
1948 627 2259 676 sententiam

377 703 746 772 percipiebant.
817 701 904 755 41.
947 701 1286 754 Ostendimus
1306 703 1444 754 enim
1460 740 1475 763 ,
1512 704 1760 768 spiritum
1777 701 2033 754 Hebraico
2052 701 2259 768 signifi-

376 796 490 834 care
525 788 632 832 tam
669 787 924 839 mentem,
977 793 1134 844 quam
1171 780 1361 830 mentis
1398 782 1733 841 sententiam,
1784 787 1835 830 et
1869 777 1967 830 hac
2002 779 2065 832 de
2102 793 2263 832 causa

375 860 546 925 ipsam
565 857 759 924 legem,
791 858 910 923 quia
929 857 1024 910 Dei
1045 865 1268 908 mentem
1292 855 1598 924 explicabat,
1630 858 1867 924 spiritum
1898 857 2007 908 sive
2034 863 2263 910 mentem

375 937 471 987 Dei
491 936 656 986 vocari
674 949 689 995 ς
731 948 891 1000 quare
909 933 1111 999 aequali
1130 934 1242 984 iure
1261 933 1563 1000 imaginatio
1580 933 1945 1000 prophetarum
1960 972 1975 995 ,
2001 939 2262 1000 quatenus

375 1027 468 1078 per
485 1026 600 1063 eam
620 1011 717 1062 Dei
735 1011 938 1062 decreta
959 1009 1311 1063 revelabantur
1324 1049 1339 1070 ,
1378 1024 1527 1062 mens
1546 1011 1643 1062 Dei
1664 1012 1815 1062 etiam
1846 1011 2015 1062 vocari
2043 1016 2261 1077 poterat,

376 1088 758 1156 prophetaeque
797 1095 1022 1140 mentem
1047 1089 1144 1140 Dei
1181 1087 1431 1140 habuisse
1470 1088 1571 1140 dici
1606 1094 1858 1154 poteraut.
1931 1088 1999 1138 Et
2025 1089 2266 1154 quamvis

377 1167 539 1218 menti
575 1165 730 1218 etiam
771 1173 975 1216 nostrae
1012 1179 1160 1218 mens
1189 1167 1288 1218 Dei
1326 1167 1545 1231 eiusque
1583 1173 1815 1216 aeternae
1854 1166 2138 1216 sententiae
2177 1166 2267 1216 in-

379 1244 596 1309 scriptae
615 1243 740 1304 sint,
762 1251 812 1293 et
832 1248 1205 1308 cousequenter
1223 1251 1447 1294 mentem
1468 1244 1619 1294 etiam
1641 1243 1735 1292 Dei
1760 1241 1847 1308 (ut
1866 1257 1983 1292 cum
2000 1243 2267 1307 Scriptura

377 1320 588 1389 loquar)
607 1311 978 1386 percipiamus3
1002 1326 1173 1371 tamen
1195 1321 1319 1385 quia
1338 1321 1561 1386 cognitio
1583 1318 1831 1371 naturalis
1852 1317 2099 1370 omnibus
2118 1333 2267 1370 com-

377 1398 554 1451 munis
573 1404 683 1459 est,
723 1411 824 1449 non
845 1397 972 1450 tanti
989 1395 1053 1447 ab
1076 1397 1401 1460 hominibuS,
1444 1404 1499 1448 ut
1517 1399 1617 1448 iam
1638 1397 1859 1448 diximus
1875 1433 1889 1456 ‚
1932 1396 2263 1458 aestimaturg

378 1482 428 1527 et
461 1475 734 1542 praecipue
771 1473 838 1526 ab
863 1472 1142 1536 Hebraeis,
1195 1475 1287 1540 qui
1322 1489 1379 1524 se
1414 1489 1571 1541 supra
1612 1489 1795 1526 omnes
1828 1487 1945 1526 esse
1986 1471 2265 1541 iactabant,

379 1553 484 1604 imo
511 1552 602 1616 qui
629 1565 840 1612 omnes,
879 1558 930 1602 et
957 1558 1333 1616 consequenter
1360 1553 1625 1604 scientiam
1648 1551 1892 1602 omnibus
1913 1564 2262 1612 communem,

379 1635 707 1681 contemnere
725 1627 980 1680 solebant.
1037 1630 1124 1682 42.
1144 1628 1383 1693 Denique
1404 1627 1681 1694 prophetae
1698 1630 1793 1680 Dei
1816 1628 2053 1693 spiritum
2078 1625 2269 1678 habere

377 1703 709 1767 dicebantur,
747 1705 870 1771 quia
900 1704 1136 1757 homines
1163 1719 1349 1757 causas
1368 1706 1697 1773 propheticae
1718 1705 2029 1773 cognitionis
2058 1705 2271 1771 ignora-

380 1782 538 1843 bant,
560 1781 885 1848 eandemque
904 1782 1319 1845 admirabantur,
1342 1792 1391 1835 et
1406 1791 1689 1849 propterea,
1714 1791 1772 1834 ut
1790 1783 1989 1850 reliqua
2007 1790 2265 1849 pertenta,

381 1862 556 1928 ipsam
575 1860 637 1911 ad
658 1861 826 1911 Deum
851 1858 1034 1910 referre
1052 1860 1252 1926 Deique
1271 1862 1619 1927 cognitionem
1639 1874 1819 1913 vocare
1834 1858 2090 1913 solebant.

481 1954 572 2006 43.
610 1956 902 2005 Possumus
929 1954 1030 2005 iam
1066 1956 1219 2019 igitur
1246 1954 1359 2006 sine
1386 1954 1629 2022 scrupulo
1664 1954 1949 2018 affirmare,
1990 1953 2269 2021 prophetas

383 2045 485 2082 non
507 2032 722 2098 nisiope
741 2032 1126 2097 imaginationis
1143 2032 1240 2083 Dei
1259 2032 1478 2083 revelata
1511 2033 1835 2099 percepisse,
1878 2032 1977 2083 hoc
2004 2038 2113 2091 est,
2152 2046 2272 2083 me-

380 2106 646 2160 diantibus
683 2107 852 2160 verbis
891 2108 969 2159 vei
1005 2107 1325 2175 imaginibus
1348 2147 1363 2170 ,
1419 2110 1589 2176 iisque
1628 2110 1761 2161 veris
1798 2117 1888 2160 aut
1921 2109 2270 2175 imaginariis·

379 2187 512 2239 Nam
555 2200 720 2253 quum
764 2186 904 2236 nulla
933 2184 1028 2237 alia
1067 2185 1236 2237 media
1272 2187 1325 2238 in
1356 2186 1619 2252 Scriptura
1648 2194 1844 2252 praeter
1871 2184 1997 2237 haec
2032 2188 2269 2251 reperia-

380 2277 530 2323 muS,
572 2263 712 2314 nulia
753 2264 907 2313 etiam
945 2262 1068 2323 aiia,
1110 2269 1168 2314 ut
1204 2263 1305 2313 iam
1336 2263 1687 2325 ostendimus,
1731 2263 1881 2315 nobis
1908 2263 2097 2329 fingere
2124 2262 2269 2315 licet.

380 2340 465 2391 44.
507 2339 717 2403 Quibus
755 2346 928 2390 autem
968 2346 1176 2391 naturae
1213 2339 1417 2405 iegibus
1452 2338 1509 2391 id
1542 2339 1735 2393 factum
1772 2340 1952 2403 fuerit,
1992 2339 2157 2392 fateor
2182 2356 2272 2393 me

485 2510 524 2558 ⁸)
561 2506 786 2563 Quamvis
823 2509 1014 2566 quidam
1045 2510 1258 2555 homines
1294 2510 1527 2565 quaedam
1566 2509 1766 2568 habent,
1806 2522 1929 2567 quae
1966 2515 2131 2555 natura
2161 2509 2271 2555 aliis

379 2581 475 2613 non
497 2568 727 2623 impertit,
759 2581 848 2613 non
869 2574 1025 2613 tamen
1045 2575 1260 2615 naturam
1283 2569 1535 2615 humanam
1558 2570 1781 2615 excedere
1809 2570 2052 2623 dicuntur,
2082 2570 2171 2613 nisi
2192 2581 2270 2627 ea,

383 2639 504 2684 quae
523 2627 824 2683 singulariter
844 2628 1042 2686 habent,
1082 2628 1192 2673 talia
1213 2629 1331 2683 sint,
1370 2634 1423 2673 ut
1443 2641 1498 2673 ex
1516 2628 1787 2675 definitione
1808 2630 2041 2675 humanae
2070 2635 2271 2673 naturae

381 2688 558 2743 percipi
581 2694 818 2744 nequeant
835 2687 975 2742 (Gali.
998 2692 1027 2733 a
1045 2690 1197 2734 moins
1219 2700 1313 2745 que
1330 2687 1401 2733 les
1421 2690 1565 2743 dons,
1586 2689 1701 2733 dont
1719 2688 1775 2734 iis
1794 2694 1902 2734 sont
1922 2689 2270 2733 extraordinai-

383 2754 566 2793 rement
588 2747 818 2808 pourvds,
857 2761 917 2794 ne
943 2754 1134 2806 passent
1159 2748 1228 2793 les
1256 2749 1430 2794 hornes
1458 2755 1505 2793 et
1530 2748 1599 2794 les
1626 2748 1801 2794 limites
1828 2749 1887 2793 de
1916 2748 1961 2793 la
1992 2755 2157 2793 nature
2176 2750 2273 2793 hu-

383 2807 574 2859 maine).
627 2808 710 2853 Ex.
733 2822 798 2867 gr.
820 2808 1018 2865 gigantis
1037 2809 1309 2865 magnitudo
1326 2820 1445 2851 rara
1463 2815 1561 2865 est,
1590 2814 1747 2855 tamen
1764 2807 1994 2851 humana.
2048 2808 2273 2857 Carmina

383 2872 627 2921 praeterea
647 2880 703 2912 ex
721 2876 932 2924 tempore
952 2881 1236 2924 componere
1255 2869 1555 2925 paucissimis
1574 2869 1737 2924 datur,
1768 2874 1814 2913 et
1834 2867 1979 2913 nihilo
1999 2869 2153 2913 minus
2174 2868 2272 2915 hu-

385 2936 575 2970 manum
597 2932 692 2979 est;
729 2934 782 2972 ut
809 2929 949 2973 etiam
978 2929 1102 2985 quod
1133 2928 1305 2985 aliquis
1336 2928 1485 2974 oculis
1519 2929 1692 2985 apertis
1712 2941 1787 2974 res
1806 2929 2037 2985 quasdam
2057 2928 2176 2973 adeo
2194 2928 2272 2973 vi-

383 2984 487 3029 vide
515 2984 821 3041 imaginetur,
853 2999 908 3031 ac
935 2988 974 3032 si
1005 2989 1192 3033 easdem
1212 3000 1372 3033 coram
1394 3001 1446 3033 se
1467 2988 1680 3033 haberet.
1733 2988 1789 3033 At
1806 2988 1846 3033 si
1866 2989 1971 3045 quis
1992 2994 2141 3045 esset,
2185 2989 2273 3045 qui

387 3043 513 3087 aliud
541 3044 824 3099 percipiendi
861 3048 1066 3091 medium
1105 3047 1293 3104 aiiaque
1330 3048 1606 3102 cognitionis
1638 3048 1939 3094 fundamenta
1969 3046 2188 3105 haberet,
2228 3048 2271 3094 is

386 3114 502 3149 sane
519 3102 754 3151 humanae
771 3110 968 3153 naturae
985 3106 1156 3155 limites
1177 3109 1543 3157 transcenderet.
1597 3107 1686 3167 sp.
