2548 3485
332 123 454 183 19ss
719 125 1109 173 TRAcTATUs
1146 125 1548 173 Tussomfflco
1561 153 1586 164 -
1596 127 1673 171 ΡΟ
1681 126 1806 171 Ll‘l'.

324 306 510 367 samin
552 306 621 359 ita
650 312 709 357 ιιι
732 306 779 356 si
807 306 925 372 quis
954 318 1068 357 vera
1099 302 1355 357 credendo
1383 304 1472 357 fiat
1499 310 1798 366 contumax,
1835 304 1882 355 is
1911 318 2084 357 revera
2101 306 2200 367 im-

324 383 492 449 piam,
538 385 659 435 etsi
689 388 865 436 contra
888 380 1018 435 salsa
1046 381 1305 435 credendo
1343 380 1620 443 obediens,
1658 382 1802 451 piam
1835 380 1990 433 habet
2026 381 2198 433 fidem.

325 464 507 513 Veram
528 462 665 512 enim
683 462 782 513 Dei
804 460 1148 525 cognitionem
1172 474 1276 511 non
1297 459 1616 521 mandatum,
1640 457 1732 511 sed
1752 458 1946 512 donum
1969 460 2202 512 divinum

324 552 441 592 esse
469 538 821 599 ostendimuS,
858 538 1131 603 Deumque
1159 537 1356 589 nullam
1377 538 1526 590 aliam
1547 536 1612 589 ab
1641 536 1941 589 hominibus
1969 538 2200 603 petiisse,

324 631 478 680 quam
500 616 847 683 cognitionem
868 614 1069 668 divinae
1092 629 1217 665 suae
1237 615 1466 666 iustitiae
1487 623 1537 667 et
1558 614 1798 679 caritatiS,
1826 628 1960 681 quae
1981 616 2202 681 cognitio

323 707 429 746 non
447 692 511 745 ad
532 693 775 747 scientias
790 730 803 754 ,
842 690 936 743 sed
958 697 1158 745 tantum
1182 692 1245 743 ad
1266 690 1618 745 obedientiam
1637 692 1928 760 necessaria
1951 700 2048 745 est.

325 940 499 1001 CAP.
548 940 713 1001 xlv.
806 919 965 1013 oum
1000 944 1079 1003 sit
1114 942 1291 1014 fides,
1339 942 1574 1021 quinam
1609 940 1848 1014 fidel-³⁵3
1905 940 2038 1000 fidei
2073 940 2205 1001 fua-

324 1035 599 1097 damenta
644 1036 1126 1107 determinantur,
1183 1042 1245 1096 et
1289 1038 1424 1115 ipsa
1467 1056 1504 1095 a
1539 1033 1920 1117 philosophia
1965 1035 2206 1095 tandem

1101 1136 1430 1211 separatur.

395 1344 399 1356 .
424 1307 506 1375 Ad
538 1324 709 1361 veram
739 1306 857 1359 fidei
880 1308 1229 1375 cognitionem
1250 1308 1479 1377 apprime
1501 1310 1854 1361 necessarium
1873 1323 2014 1375 esse,
2051 1310 2202 1372 scire,

324 1386 463 1452 quod
502 1388 763 1453 Scriptura
800 1386 1189 1437 accommodata
1225 1387 1295 1437 sit
1333 1400 1434 1437 non
1476 1393 1674 1437 tantum
1713 1388 1888 1453 captui
1927 1386 2208 1452 propheta-

325 1477 441 1516 rum
456 1503 471 1525 ,
510 1463 601 1516 sed
621 1466 775 1515 etiam
794 1464 923 1515 varii
944 1470 993 1513 et
1012 1462 1353 1515 inconstantis
1371 1462 1684 1514 ludaeorum
1703 1463 1868 1530 vulgi,
1903 1478 2055 1516 nemo
2069 1502 2086 1527 ,
2116 1466 2206 1531 qui

321 1542 399 1593 vel
432 1541 608 1593 leviter
637 1540 879 1601 attendit,
920 1540 1154 1605 ignorare
1182 1546 1370 1604 potest.
1446 1540 1552 1603 Qui
1579 1541 1718 1593 euim
1748 1542 1954 1602 omnia,
1991 1556 2123 1605 quae
2152 1542 2206 1593 in

324 1620 588 1686 Scriptura
608 1616 893 1677 habentur,
916 1617 1211 1682 promiscue
1230 1616 1560 1683 amplectitur
1578 1625 1840 1683 tamquam
1863 1616 2206 1670 universalem

324 1703 375 1746 et
394 1694 685 1748 absolutam
706 1692 771 1746 de
792 1694 901 1746 neo
922 1690 1207 1745 doctrinam
1228 1730 1239 1752 ‚
1282 1707 1376 1744 nec
1395 1700 1631 1746 accurate
1651 1698 1912 1760 cognovit,
1955 1694 2206 1760 quidnam

323 1773 498 1838 captui
524 1770 663 1838 vulgi
690 1769 1137 1825 accommodatum
1164 1771 1260 1833 sit,
1304 1785 1406 1822 non
1429 1773 1613 1836 poterit
1632 1772 1770 1837 vulgi
1788 1772 2064 1838 opiniones
2085 1787 2206 1826 cum

322 1848 493 1899 divina
513 1845 744 1898 doctrina
764 1862 867 1899 non
887 1848 1205 1900 confundere
1220 1887 1235 1910 ,
1277 1855 1326 1900 et
1347 1847 1617 1900 hominum
1639 1855 1932 1903 commenta
1950 1855 2001 1900 et
2021 1848 2208 1918 placita
2297 1905 2312 1920 ,

322 1940 416 1992 pro
448 1925 635 1976 divinis
664 1924 991 1978 documentis
1019 1939 1119 1977 non
1150 1923 1442 1985 venditare,
1483 1926 1882 1992 Scripturaeque
1903 1927 2208 1978 auctoritate

322 2018 425 2054 non
456 2000 617 2054 abuti.
708 2003 762 2062 2.
802 2002 967 2065 Qum,
1006 2002 1247 2067 inquam,
1286 2016 1389 2052 non
1417 2002 1584 2065 videt,
1625 2002 1756 2053 hanc
1783 2003 2064 2056 maximam
2092 2019 2206 2057 esse

321 2094 561 2140 causam,
604 2093 697 2129 cur
724 2079 927 2132 sectarii
959 2086 1035 2129 tot
1062 2086 1272 2145 tamque
1309 2079 1591 2130 contrarias
1628 2079 1904 2146 opiniones
1941 2089 2204 2148 tamquam

321 2158 443 2210 fidei
474 2157 783 2210 documenta
810 2155 1059 2218 doceant,
1098 2156 1386 2223 multisque
1415 2157 1708 2223 Scripturae
1740 2157 1986 2226 exemplis
2015 2157 2206 2210 confir-

320 2242 491 2296 ment,
533 2233 672 2285 unde
702 2234 842 2300 apud
862 2233 1049 2299 Belgas
1077 2233 1276 2286 dudum
1303 2235 1354 2284 in
1379 2247 1534 2284 usum
1553 2232 1814 2300 proverbii
1833 2233 2048 2287 abierit:
2088 2251 2206 2306 gaen

321 2313 467 2366 rettet
496 2311 667 2377 sonbet
698 2308 880 2366 Iettet?
950 2309 1097 2362 Libri
1128 2324 1352 2375 namque
1381 2311 1514 2362 sacri
1545 2325 1647 2362 non
1685 2309 1752 2363 ab
1787 2325 1892 2363 uno
1927 2311 2071 2374 loco,
2112 2329 2208 2369 nec

322 2390 481 2440 unius
510 2387 693 2438 aetatis
720 2386 870 2453 vulgo
888 2388 1070 2454 scripti
1090 2387 1332 2449 fuerunt,
1371 2387 1463 2438 sed
1483 2401 1512 2438 a
1537 2387 1780 2453 plurimis
1799 2387 1991 2440 diversi
2011 2390 2205 2456 ingenii

323 2465 617 2530 diversique
636 2465 745 2514 aevi
766 2465 914 2526 viris,
956 2477 1181 2530 quorum
1202 2465 1246 2516 si
1268 2465 1502 2516 omnium
1526 2471 1734 2531 tempus
1753 2471 2057 2533 computare
2078 2465 2207 2518 veli-
2281 2495 2305 2502 =

322 2557 468 2604 muS,
511 2540 616 2596 fere
643 2539 727 2591 bis
757 2539 898 2592 mille
928 2556 1211 2606 annorum,
1252 2548 1304 2592 et
1331 2541 1460 2593 forte
1487 2539 1645 2592 multo
1664 2540 1874 2606 longius
1895 2543 2204 2596 invenietur.

322 2621 374 2672 3.
416 2619 669 2672 sectarios
687 2625 858 2668 tamen
878 2618 1007 2671 istos
1028 2618 1273 2670 nolumus
1295 2633 1354 2670 ea
1375 2619 1440 2670 de
1459 2633 1613 2670 causa
1633 2618 1914 2684 impietatis
1941 2634 2202 2682 accusare,

322 2696 463 2766 quod
501 2695 698 2748 scilicet
734 2694 889 2746 verba
926 2695 1225 2762 Scripturae
1260 2697 1374 2748 suis
1411 2693 1753 2762 opinionibus
1787 2697 2200 2750 accommodant.

322 2775 486 2828 Sicuti
514 2773 652 2826 enim
684 2772 805 2825 olim
838 2774 951 2840 ipsa
982 2774 1152 2843 captui
1181 2772 1315 2842 vulgi
1351 2770 1733 2825 accommodata
1769 2773 1895 2836 suit,
1935 2776 2012 2825 sic
2051 2776 2204 2826 etiam

322 2851 610 2918 unicuique
628 2849 848 2907 eandem
868 2850 977 2905 suis
996 2849 1332 2917 opinionibus
1350 2848 1740 2904 accommodare
1759 2850 1958 2928 που),
1981 2851 2024 2902 si
2044 2850 2200 2914 videt,

324 2943 381 2982 se
410 2942 467 2982 ea
493 2929 691 2982 rationo
718 2929 825 2982 Deo
866 2927 927 2979 in
962 2927 1059 2989 iis,
1098 2941 1232 2994 quae
1268 2928 1524 2983 iustitiam
1561 2935 1612 2980 et
1645 2929 1908 2986 cai-itatem
1947 2934 2200 2998 spectant,

428 3095 467 3146 ·)
506 3093 638 3138 Conr.
662 3095 781 3141 infra
801 3097 842 3148 ς.
862 3097 927 3139 32.
951 3106 1022 3152 sq.
