2548 3485
1057 162 1195 232 car.
1258 163 1398 212 vm.
2051 163 2173 223 137

288 345 375 397 54.
412 344 515 398 nis
536 342 669 409 adde
686 341 805 396 libri
822 341 1191 410 praefationem
1211 341 1264 410 ¹)
1283 349 1334 394 et
1353 343 1523 395 omnia
1540 341 1668 407 loca,
1709 357 1844 411 quae
1863 342 1928 396 de
1947 344 2098 410 Mose
2117 347 2170 398 in
2245 359 2250 364 ·

286 423 443 474 tertie·
470 435 691 490 persona
729 420 1039 488 loquuntur:
1080 426 1131 491 et
1158 427 1358 486 praeter
1387 420 1512 472 haec
1549 419 1648 472 elia
1675 421 1864 484 multa,
1905 436 2040 488 quae
2067 424 2171 474 iam

286 514 317 551 a
344 498 501 552 nobis
532 498 769 565 dignosci
799 503 1095 564 nequeunt,
1135 497 1249 546 sine
1277 495 1436 549 dubio
1464 503 1524 548 ut
1552 496 1753 550 facilius
1779 497 1844 549 ab·
1871 498 2172 552 hominib-us

237 639 241 645 ‚
288 575 372 628 sui
394 578 501 629 aevi
521 578 935 646 perciperentur,
975 572 1171 626 eddidit
1189 574 1264 624 vel
1297 574 1412 626 aliis
1441 572 1610 626 verbis
1629 577 1896 648 expressit.
1935 628 1938 631 ,
1971 580 2056 628 55.
2097 579 2169 640 Si,

288 655 501 721 inquam
524 691 539 716 ‚
598 653 775 720 ipsum
810 653 978 706 Musis
1014 649 1370 716 librumlegis
1416 649 1760 716 haberemuS,
1818 667 1930 704 non.
1971 653 2168 716 dubito,

252 739 258 746 ·
289 731 417 797 quin
444 737 545 782 tam
577 731 632 780 in-
659 728 858 792 verbis,
896 742 1053 797 quam
1084 729 1136 779 in
1176 727 1356 780 ordine
1385 734 1438 778 et
1472 723 1760 782 rationibus
1784 738 2172 798 praeceptorum

288 822 525 872 magnam
546 806 943 873 discrepantiam
964 806 1324 875 reperiremus.
1363 806 1502 856 Dum
1520 807 1656 857 enim
1678 807 1848 859 solum
1871 807 2172 875 decalogum

287 885 442 936 buius
468 883 589 936 libri
614 898 735 937 cum
756 883 997 949 decalogo
1015 881 1178 934 Exodi
1202 881 1322 948 (ubi
1341 875 1458 934 eius'
1473 883 1688 935 historie
1707 897 1773 934 ex·
1785 883 2022 952 professo
2042 901 2170 936 nar—

286 963 464 1029 ratur)
504 961 735 1024 confero,
786 975 909 1014 eum
944 958 1011 1012 ab
1050 958 1149 1010 boc
1183 961 1237 1010 in
1272 958 1358 1011 bis
1393 959 1638 1012 omnibus
1675 960 1966 1029 discrepare
2001 963 2171 1015 video.

252 1091 255 1096 ,
290 1041 543 1106 Quartum
566 1040 703 1090 enim
725 1043 1057 1106 praeceptum
1072 1051 1179 1088 non
1198 1037 1518 1101 tentumnlio
1545 1037 1701 1089 modo
1729 1039 2038 1106 imperatur,
2079 1040 2174 1093 sed

286 1119 506 1184 insuper
530 1115 695 1168 multo
718 1115 964 1182 prolixius
991 1113 1306 1174 extenditur-5
1347 1115 1462 1166 eius
1489 1122 1661 1166 autem
1680 1117 1806 1168 ratio
1825 1115 1891 1168 ab
1914 1131 2000 1179 ee,
2041 1131 2174 1183 qnae

287 1195 343 1246 in
362 1193 605 1259 decalogo
624 1192 787 1246 Exodi
804 1191 1052 1254 adfertur,
1075 1197 1181 1242 toto
1200 1191 1344 1242 coelo
1361 1191 1712 1260 discrepem).
1765 1195 2008 1260 Denique
2024 1196 2172 1258 ordo,

267 1278 394 1338 'quo
415 1269 499 1324 bic
526 1270 787 1322 decimum
821 1270 1155 1337 praeceptum
1180 1268 1488 1335 explicatur,
1527 1271 1680 1320 etiem
1711 1269 1846 1324 alius
1871 1277 1977 1336 est,
2017 1287 2174 1338 quem

290 1351 345 1400 in
373 1347 551 1401 Exodo
566 1347 643 1416 ³).
718 1347 803 1400 56.
832 1348 985 1415 ,Haec
1010 1345 1169 1412 igitur
1194 1359 1362 1412 quum
1391 1344 1502 1408 hic,
1539 1352 1651 1397 tum
1683 1347 1739 1399 iu
1778 1347 1893 1398 eliis
1921 1343 2076 1414 locis,
2117 1357 2176 1401 ut

288 1427 396 1484 iem
424 1425 550 1487 dixi,
582 1423 647 1477 eb
675 1425 841 1476 Hezra
870 1424 1002 1476 facts
1030 1423 1294 1486 existimo,
1335 1425 1456 1489 qnia
1483 1424 1528 1474 is
1559 1423 1724 1492 legem
1752 1424 1847 1477 Dei
1875 1424 2175 1478 bominibus

290 1504 375 1555 sui
408 1501 656 1568 temporis
682 1501 949 1569 explicuit,
988 1506 1145 1565 atque
1175 1500 1392 1568 proinde
1417 1501 1558 1552 bunc
1583 1515 1699 1552 esse
1717 1500 1909 1561 librum
1931 1502 2056 1568 legis
2072 1505 2174 1556 Dei

290 1580 355 1634 eb
390 1580 506 1647 ipso
544 1587 754 1654 ornatae
786 1585 839 1630 et
873 1576 1175 1644 explicatae,
1232 1584 1286 1628 et
1321 1576 1459 1629 bunc
1493 1578 1684 1636 librum
1719 1579 1980 1647 omnium,
2041 1595 2175 1647 quos

289 1661 467 1749 ipsum
498 1649 773 1724 scripsisse
800 1654 934 1716 dixi,
972 1655 1199 1730 primum
1228 1653 1394 1706 fuisse
1424 1663 1576 1722 puto;
1619 1651 1756 1722 quod
1788 1655 1908 1708 hinc
1936 1659 2170 1720 coniicit),

292 1737 413 1803 quin
440 1735 582 1801 leges
610 1733 804 1802 patriae
829 1738 1089 1796 continet,
1114 1722 1326 1800 quibus
1355 1732 1579 1800 populus
1606 1734 1824 1785 maxime
1859 1734 2085 1801 indiget,
2127 1744 2176 1789 et

292 1814 445 1865 etiam
487 1814 613 1879 quia
648 1811 729 1865 hic
765 1810 923 1863 liber
932 1810 1255 1863 antecedenti
1295 1809 1438 1862 nulle
1473 1812 1863 1876 coniunctione,
1905 1821 1960 1865 ιιι
1975 1814 2174 1881 reliqui

290 1904 497 1952 omnes,
546 1888 861 1953 annectitur,
912 1888 1007 1941 sed
1042 1887 1213 1939 soluta
1248 1887 1478 1939 oratione
1515 1889 1808 1958 incipit⁴)=
1875 1892 2020 1943 Haec
2053 1898 2207 1942 sunt.
2291 1948 2296 1953 ,

292 1968 453 2019 ver-ba
480 1964 645 2018 Moses
670 1970 775 2017 etc.
849 1966 933 2018 57.
971 1963 1043 2017 At
1058 1972 1338 2032 postquam
1357 1963 1496 2015 bunc
1513 1964 1732 2017 absolvit
1750 1974 1800 2017 et
1818 1967 2070 2033 populum
2091 1968 2172 2029 le-,-

292 2058 383 2109 ges
400 2042 630 2105 edocuit,
671 2049 786 2108 tum
800 2040 1033 2095 studium
1054 2041 1354 2093 adhibuisse
1375 2040 1528 2092 credo
1545 2040 1612 2092 ad
1631 2042 1880 2107 integram
1901 2043 2168 2097 historiam

290 2120 558 2181 Hebraeae
584 2120 809 2171 nationis
828 2118 1221 2173 describendam
1234 2158 1249 2181 ,
1291 2133 1320 2170 e
1341 2116 1538 2169 mundo
1555 2120 1755 2170 scilieet
1775 2120 1982 2171 condito
2001 2136 2172 2187 usque

290 2198 356 2252 ad
384 2210 645 2251 summam
673 2194 829 2249 Urbis
856 2198 1219 2258 vastationem,
1260 2196 1350 2248 cui
1383 2194 1524 2251 hunc
1559 2195 1746 2247 librum
1786 2199 2174 2250 Deuteronomii

263 2330 269 2334 ,
292 2288 391 2329 suo
417 2274 531 2325 loco
560 2274 803 2333 inseruit3
853 2280 905 2325 et
941 2273 1069 2326 forte
1106 2274 1221 2325 eius
1255 2274 1452 2339 primos
1489 2274 1725 2339 quinque
1761 2273 1922 2327 libros
1962 2277 2173 2329 nomine

291 2352 455 2419 mosis
480 2352 703 2415 vocavit,
746 2350 869 2417 quia
896 2352 951 2401 in
973 2350 1039 2401 iis
1056 2352 1332 2419 praecipue
1351 2352 1466 2401 eius
1483 2352 1585 2401 vita
1603 2351 1896 2403 continetur
1913 2362 1961 2404 et
1981 2361 2170 2406 no'men

294 2440 323 2477 a
350 2429 557 2495 potiere
580 2429 827 2494 sumpsit.
902 2427 987 2479 58.
1023 2428 1091 2478 Ει
1118 2427 1212 2480 hac
1242 2429 1396 2479 etiam
1430 2427 1492 2479 de
1529 2426 1686 2480 causa
1723 2439 1925 2481 sextum
1963 2433 2175 2485 nomine

292 2504 503 2567 Josuae,
541 2508 821 2572 septimum
840 2504 1098 2569 Indicum,
1130 2504 1368 2572 octavum
1385 2503 1545 2568 Ruth,
1585 2518 1788 2557 nonum·
1801 2513 1852 2558 et
1871 2508 2000 2560 forte
2020 2510 2173 2563 etiarn

294 2581 553 2633 decimum
574 2574 861 2645 Samuelis,
899 2588 955 2642 et
976 2580 1201 2649 denique
1228 2582 1568 2635 undecimum
1597 2590 1650 2635 et
1673 2582 2038 2637 duodecimum
2059 2589 2171 2639 Re-

292 2674 438 2725 gum-
462 2658 753 2725 appellavit.
842 2658 935 2711 An
982 2674 1125 2711 vero
1168 2660 1410 2712 Hezras
1456 2654 1606 2712 huic
1648 2663 1826 2727 ope-ri
1883 2664 2170 2714 ultimam

291 2750 542 2789 manum
577 2737 996 2809 imposuerit,
1044 2735 1265 2803 idque,
1315 2744 1375 2789 ut
1392 2736 1741 2802 desiderabat,
1781 2739 2168 2805 perfecerit,

292 2814 358 2865 de
378 2828 441 2865 eo
448 2813 575 2871 vide
591 2826 821 2884 sequens
838 2820 1013 2881 caput.
1036 2818 1041 2822 ’

396 2966 441 3017 1)
479 2965 669 3019 Denter
690 2967 881 3023 1,1-5.

393 3024 437 3077 2)
472 3016 574 3069 Vid·
597 3024 735 3070 Dent.
754 3027 797 3081 ⁵,
817 3026 999 3072 12-16.
1023 3024 1081 3078 cl,-
1100 3025 1245 3071 Exod.
1264 3026 1334 3083 2⁰,
1354 3027 1514 3069 8-11,

394 3084 438 3136 3)
474 3083 573 3128 vid.
596 3084 731 3129 Deut.
754 3088 797 3141 5,
817 3088 882 3127 21.
904 3085 962 3131 cl.
982 3085 1129 3133 Exod
1145 3088 1213 3144 20,
1235 3087 1300 3128 ss.

324 3152 329 3157 ·
394 3144 442 3197 ⁴)
477 3143 737 3233 Dent-21.
758 3158 802 3192 ν.
824 3148 863 3189 1.
