2548 3485
374 132 494 236 100
763 178 1153 228 'rme-rarus
1190 179 1848 227 Tnsonoorco-rou‘r.

374 373 507 427 quos
534 372 681 424 reges
710 357 941 410 Idumaei
970 357 1273 421 habuerint,
1313 365 1588 426 autequam
1607 357 1770 410 David
1797 373 1888 412 eos
1907 358 2112 427 subegit
2130 359 2182 429 ¹)
2201 367 2254 412 et

373 435 639 504 praesides
666 436 721 488 in
750 437 865 503 ipsa
894 435 1137 490 Idumaea
1168 437 1434 488 constituit
1461 436 1588 502 (vid.
1621 436 1853 488 Samuel.
1875 435 1967 489 lib.
1987 438 2040 491 2.
2062 451 2175 504 cap.
2197 440 2251 490 8.

372 529 420 566 v.
440 515 549 578 14.)
619 513 707 569 20.
728 513 804 566 Ex
821 513 901 566 his
921 513 1095 580 itaque
1110 513 1360 566 omnibus
1381 513 1495 566 luce
1513 513 1793 566 meridiana
1814 513 2002 566 clarius
2021 522 2250 585 apparet,

368 590 755 644 Pentateucbon
784 605 887 643 nou
914 605 946 644 a
964 593 1142 654 Mose,
1184 591 1278 644 sed
1305 589 1372 643 ab
1399 591 1500 644 alio
1529 597 1583 644 et
1607 591 1696 658 qui
1724 606 1755 642 a
1772 592 1919 643 Mose
1940 591 2116 643 multis
2136 599 2257 658 post

372 667 597 722 saeculis
617 668 751 731 vixit,
774 669 1027 736 scriptum
1047 668 1232 722 fuisse.
1296 669 1399 722 Sed
1419 671 1466 721 ai
1485 669 1672 736 placet,
1693 669 2019 720 attendamus
2040 670 2258 736 insuper

370 746 436 798 ad
465 744 656 808 libros,
695 760 829 812 quos
860 747 975 812 ipse
1003 749 1179 799 Moses
1210 747 1420 815 scripsit
1443 753 1497 798 et
1521 746 1612 812 qui
1643 747 1693 796 in
1715 745 2064 798 Pentateucho
2083 746 2252 798 citan-

371 831 483 883 tur;
522 837 582 874 ex
609 823 675 874 lis
702 823 833 890 ipsis
868 823 1008 876 enim
1044 822 1328 886 constabit,
1367 837 1458 874 eos
1491 823 1649 884 alios,
1687 836 1844 889 quam
1871 823 2254 876 Pentateucbon

374 900 557 953 fuisse.
628 900 717 954 21.
756 901 929 952 Primo
966 901 1139 966 itaque
1174 907 1378 953 constat
1411 914 1471 951 ex
1503 899 1667 951 Exod.
1703 913 1818 966 cap.
1852 900 1938 952 17.
1976 915 2110 953 vers.
2145 903 2251 966 14„

372 979 557 1031 Mosen
586 991 645 1028 ex
663 977 759 1030 Dei
786 977 1031 1030 mandato
1053 976 1247 1030 bellum
1268 982 1446 1028 contra
1463 977 1716 1029 Hamalek
1733 978 2036 1044 scripsisse;
2073 978 2130 1028 in
2151 991 2256 1044 quo

370 1062 545 1106 autem
572 1053 703 1106 libro
719 1094 734 1117 ‚
773 1070 877 1106 non
906 1059 1107 1106 constat
1124 1070 1183 1107 ex
1201 1055 1293 1107 illo
1314 1057 1428 1122 ipso
1451 1057 1635 1122 capite.
1706 1054 1778 1105 At
1793 1055 2010 1108 Numer.
2031 1068 2145 1122 cap.
2167 1057 2253 1109 21.

374 1145 507 1182 vers.
531 1131 616 1184 14.
646 1133 832 1183 citatur
852 1132 1064 1198 quidam
1086 1132 1243 1196 liber,
1285 1133 1375 1198 qui
1397 1132 1656 1182 bellorum
1674 1133 1780 1182 Dei
1796 1131 2164 1200 vocabatur²);
2205 1139 2258 1183 et

373 1209 427 1260 in
456 1207 555 1260 hoc
583 1209 697 1261 sine
726 1207 886 1260 dubio
909 1208 1103 1262 bellum
1121 1209 1219 1261 boc
1240 1217 1416 1261 contra
1435 1209 1688 1262 Hamalek
1701 1248 1714 1272 ,
1755 1217 1807 1260 et
1826 1217 2080 1275 praeterea
2101 1209 2252 1262 etiam

373 1287 843 1338 castrametationes
874 1301 1056 1338 omnes
1094 1287 1255 1353 (quas
1286 1289 1438 1340 etiam
1466 1294 1648 1339 auctor
1673 1287 2008 1340 Pentateucbi
2039 1287 2251 1339 Numer.

373 1376 487 1428 cap.
512 1363 596 1414 33.
628 1377 761 1414 vers.
781 1366 835 1419 2.
864 1371 1077 1415 testatur
1109 1379 1137 1416 a
1168 1367 1318 1417 Mose
1347 1363 1632 1430 descriptas
1659 1363 1862 1432 fuisse)
1899 1363 2253 1416 narrabantur.

370 1443 461 1503 22.
500 1439 713 1492 Constat
741 1448 999 1507 praeterea
1030 1442 1095 1492 de
1121 1441 1253 1493 alio·
1240 1457 1294 1492 m
1315 1442 1478 1493 Exod.
1501 1456 1615 1509 cap.
1635 1442 1723 1496 24.
1744 1454 1878 1492 vers.
1899 1444 1954 1493 4.
1961 1441 2026 1492 7.
2049 1442 2255 1508 quivo-

375 1525 587 1578 cabatur
623 1530 845 1590 ΠΊἾΞΠ
886 1533 1026 1588 ‘150
1037 1528 1093 1595 2)
1102 1525 1248 1578 hbeo·
1255 1530 1438 1595 pactu
1481 1542 1637 1594 quem
1657 1541 1827 1580 coram
1847 1525 2096 1577 Israelitis
2115 1525 2253 1592 legit,

377 1621 586 1687 quando
620 1628 850 1688 primum
886 1635 1004 1672 cum
1040 1621 1149 1672 Deo
1189 1627 1397 1689 pactum
1433 1623 1703 1676 iniverant.
1774 1621 1845 1672 At
1881 1619 1964 1670 hic
1998 1617 2127 1671 liber
2153 1621 2258 1672 sive

374 1699 501 1751 haec
539 1696 753 1766 epistola
803 1711 964 1765 pauca
1010 1696 1293 1751 admodum
1332 1699 1654 1764 continebat;
1712 1697 1945 1751 videlicet
1979 1697 2116 1765 leges
2153 1697 2259 1750 sive

374 1776 472 1827 Dei
500 1776 642 1826 iussa
661 1814 675 1839 ‚
720 1789 852 1843 quae
880 1785 1151 1829 narrantur
1180 1792 1239 1829 ex
1265 1792 1400 1829 vers·
1419 1780 1510 1834 22.
1531 1793 1644 1845 cap.
1665 1778 1754 1832 20.
1781 1776 1946 1829 Exod.
1984 1790 2154 1842 usque
2193 1774 2260 1827 ad

376 1866 491 1919 cap.
511 1854 599 1905 24.
630 1852 866 1905 eiusdem
891 1853 1038 1917 libri,
1081 1855 1221 1920 quod
1256 1869 1408 1906 nemo
1435 1855 1634 1907 inficias
1664 1854 1786 1918 ibit,
1827 1854 1919 1920 qui
1937 1867 2064 1905 sano
2085 1852 2260 1918 aliquo

376 1928 569 1980 iudicio
590 1935 640 1980 et
656 1930 770 1981 sine
790 1932 1011 1998 partium
1034 1932 1205 1982 studio
1228 1932 1546 1998 praedictum
1569 1940 1724 1999 caput
1739 1931 1936 2000 legerit.
2009 1930 2097 1984 23.
2127 1932 2261 1981 Nar-

377 2013 519 2057 ratur
538 2006 674 2057 enim
696 2006 797 2071 ibi,
836 2008 1005 2075 quod,
1038 2008 1192 2060 simul
1215 2024 1273 2061 ac
1291 2012 1468 2061 Moses
1488 2011 1794 2061 sententiam
1817 2008 1994 2077 populi
2016 2006 2261 2059 intellexit

376 2084 442 2135 de
466 2083 699 2135 ineundo
726 2099 843 2136 οιιιιι
863 2086 973 2138 1)οο
1006 2092 1178 2154 pacto,
1212 2088 1387 2139 statim
1403 2087 1500 2139 Dei
1532 2086 1737 2153 eloquia
1767 2094 1818 2138 et
1845 2088 1956 2137 iura
1984 2084 2190 2151 scripsit
2209 2088 2260 2133 et

480 2254 523 2305 1)
559 2254 596 2298 A
616 2264 710 2309 quo
730 2260 941 2311 tempore
962 2267 1111 2312 usque
1130 2257 1189 2301 ad
1209 2256 1383 2303 lorami
1407 2268 1628 2313 regnum,
1657 2268 1750 2313 quo
1779 2254 1840 2299 ab
1869 2266 1924 2299 eo
1946 2252 2263 2299 discesserunt

377 2312 529 2415 (2Gall.
558 2314 731 2369 auquel
759 2314 827 2359 les
858 2315 1108 2360 Idumeens
1137 2328 1188 2361 se
1218 2316 1499 2361 revolterent
1525 2317 1584 2361 de
1605 2328 1693 2360 son
1714 2315 2011 2363 obeissance)
2037 2316 2066 2353 2
2083 2312 2196 2367 aeg.
2215 2314 2258 2365 8

461 2372 721 2423 ‚idumaea
741 2386 873 2429 reges
894 2388 987 2419 non
1006 2375 1196 2429 habuit
1218 2376 1300 2419 sed
1323 2377 1581 2431 praesides
1602 2388 1628 2421 a
1649 2374 1838 2420 ludaeis
1859 2372 2114 2426 constituti
2135 2373 2259 2426 regis

384 2432 540 2477 locum
562 2432 845 2491 supplebant
862 2435 971 2487 (vid.
994 2438 1017 2477 1
1037 2436 1147 2491 fleg.
1169 2438 1239 2491 22,
1258 2438 1373 2493 484)
1411 2441 1458 2481 et
1481 2435 1590 2481 ideo
1612 2436 1868 2481 Idumaeae
1891 2444 2084 2490 praeses
2101 2434 2130 2473 2
2145 2432 2259 2487 neg.

380 2496 423 2547 3,
442 2494 483 2533 0.
506 2505 585 2537 rex
604 2491 881 2550 appellatur.
933 2496 1003 2540 Αιι
1028 2502 1187 2540 autem
1217 2495 1408 2543 ultimus
1438 2496 1769 2543 Idumaeorum
1791 2506 1953 2564 regum
1971 2504 2168 2551 regnare
2187 2492 2262 2537 in-

384 2552 523 2608 cipit,
551 2559 803 2609 antequam
825 2552 935 2599 Saul
966 2568 1044 2600 rex
1063 2562 1248 2601 creatus
1268 2554 1434 2610 suerit,
1464 2568 1523 2601 an
1547 2568 1652 2601 vero
1674 2554 1944 2613 Scriptura
1933 2566 1978 2598 ιιι
1999 2552 2088 2598 hoe
2108 2550 2262 2597 Gene-

384 2624 493 2658 seos
528 2612 681 2669 capite
717 2624 849 2669 reges
886 2613 1209 2668 solummodo
1247 2615 1328 2673 qui
1367 2614 1521 2659 invicti
1558 2614 1787 2668 obierint,
1828 2614 2013 2659 tradere
2047 2610 2262 2669 voluerit,

383 2672 561 2728 ambigi
590 2680 759 2729 potest.
814 2673 1030 2719 Ceterum
1058 2676 1090 2719 ii
1118 2646 1259 2731 plaiae
1287 2680 1546 2731 nugantur
1583 2674 1666 2730 qui
1694 2674 1886 2726 Mosen,
1925 2672 2007 2730 qui
2040 2643 2262 2717 divinitus’

386 2734 708 2779 Hebraeorum
748 2734 994 2791 imperium
1030 2748 1059 2779 a
1095 2736 1397 2781 monarchico
1437 2735 1626 2781 omuino
1653 2733 1915 2779 abhorrens
1944 2732 2166 2780 instituit,
2203 2730 2259 2775 ad

386 2804 546 2850 regum
560 2792 885 2839 Hebraeorum
906 2795 1169 2851 catalogum
1188 2796 1366 2841 referre
1386 2793 1558 2839 volunt.
1581 2792 1736 2853 (Gall.
1757 2794 1816 2838 de
1836 2799 2002 2838 mettre
2019 2790 2180 2847 Moyse
2200 2803 2263 2861 au

383 2853 581 2899 nombre
598 2853 681 2899 des
700 2854 797 2901 rols
816 2852 1075 2907 Hebreux.)
1128 2852 1221 2911 sp.

482 2950 526 3000 2›
570 2943 720 3033 ,ῆι-ιι
755 2919 1001 3032 mbr-15²2
1029 2946 1172 3005 που

486 3058 531 3111 8)
568 3059 661 3103 NB.
698 3058 841 3115 '150
872 3059 1041 3115 sepher
1076 3058 1311 3105 flebralee
1345 3058 1612 3119 significare
1647 3058 1837 3115 saepius
1873 3054 2126 3114 epistolam
2164 3056 2264 3101 sivo

387 3140 620 3193 chartam.
677 3131 803 3203 Sps·
