2548 3485
1096 161 1231 206 car.
1287 115 1371 206 'vt
2011 211 2016 216 .
2095 155 2178 215 97

297 351 585 406 eorumque
612 340 932 406 precationes
963 345 1184 406 possunt
1214 353 1330 390 esse
1357 337 1560 406 pluviae
1601 345 1864 405 terraeque
1904 337 2180 390 fertilitatis

298 431 485 479 causa,
524 425 613 468 aut
642 417 781 484 quod
810 417 939 470 fides
970 431 1152 469 coecos
1184 431 1366 468 sanare
1396 417 1588 482 potuit,
1629 425 1680 466 et
1707 417 1806 470 alia
1825 417 1890 470 ad
1909 417 2048 468 hunc
2067 432 2182 474 mo·-

299 493 448 556 dum,
488 497 690 560 quaein
712 494 887 546 bibliis
908 503 1197 546 narrantur.
1272 493 1374 544 Sed
1396 494 1460 544 ad
1480 493 1603 544 haec
1625 509 1706 546 me
1726 496 1826 545 iam
1848 491 2182 562 respondisse

302 577 445 636 puto.
518 571 733 623 Ostendi
761 573 929 636 enim,
972 573 1289 638 scripturam
1323 585 1404 622 res
1433 584 1537 621 non
1576 569 1758 622 docere
1797 587 1888 638 per
1925 574 2182 640 proximas

302 663 425 700 suas
452 662 637 700 causas
657 689 670 712 ,
710 649 804 700 sed
834 656 1033 701 tantum
1063 663 1147 700 res
1177 664 1237 700 eo
1269 647 1447 700 ordine
1473 649 1642 714 iisque
1660 647 1936 715 phrasibus
1957 663 2180 708 narrare,

302 725 491 791 quibus
520 727 739 778 maxime
769 727 1005 778 homines
1035 734 1085 778 et
1114 727 1390 792 praecipue
1418 726 1622 791 plebem
1643 724 1706 777 ad
1727 726 2048 778 devotionem
2069 741 2184 776 mo·-

300 817 412 855 vere
444 811 641 869 potest;
684 811 733 854 et
758 803 855 856 hac
882 803 946 856 de
967 817 1122 856 causa
1140 804 1205 872 de
1226 805 1334 854 Deo
1354 810 1405 853 et
1426 802 1489 854 de
1509 803 1664 854 rebus
1687 802 1967 855 admodum
1988 805 2184 870 impro-

298 881 405 947 prie
423 881 679 947 loquitur,
721 881 846 948 quia
868 882 1117 933 nimirum
1138 897 1242 932 non
1264 881 1513 932 rationem
1534 883 1854 942 convincere,
1895 881 1989 933 sed
2010 882 2184 932 homi-

300 972 427 1010 num
476 957 805 1025 phantasiam
842 967 891 1010 et
926 960 1346 1026 imaginationem
1383 957 1581 1010 afficere
1617 966 1666 1010 et
1703 973 1954 1024 occupare
1990 955 2210 1010 studet.'

302 1035 384 1087 50.
425 1036 479 1087 Si
510 1037 649 1087 enim
680 1037 942 1101 Scriptura
969 1037 1308 1088 vastationem
1340 1036 1558 1087 alicuius
1597 1037 1826 1104 imperii,
1863 1043 1922 1088 ut
1958 1035 2186 1086 historici

298 1113 491 1179 politici
522 1108 715 1176 solent‘,
758 1121 1007 1176 narraret,
1050 1114 1103 1165 id
1134 1113 1339 1179 plebem
1368 1113 1496 1164 nihil
1527 1120 1892 1176 commoveret;
1933 1120 1984 1163 at
2011 1119 2186 1164 contra

300 1191 548 1252 maxime,
588 1191 634 1240 si
664 1191 836 1241 omnia
865 1192 1063 1258 poetice
1092 1190 1334 1258 depingat
1354 1199 1404 1241 et
1422 1191 1486 1241 ad
1505 1191 1674 1242 Deum
1695 1191 1906 1253 referat,
1948 1191 2086 1256 quod
2108 1189 2186 1240 fa-

300 1279 413 1320 cere
434 1267 583 1319 solet.
656 1269 833 1332 Quum
852 1270 1029 1335 itaque
1049 1269 1311 1334 Scriptura
1330 1275 1528 1330 narrat,
1570 1277 1755 1319 terram
1786 1274 1994 1336 propter
2014 1267 2178 1318 homi

302 1359 429 1396 num
456 1351 663 1411 peccata
693 1345 921 1397 sterilem
940 1361 1084 1406 esse,
1122 1353 1211 1397 aut
1230 1343 1371 1411 quod
1390 1345 1526 1396 coeci
1547 1359 1606 1396 ex
1622 1343 1723 1394 fide
1743 1344 2086 1406 sanabantur,
2127 1357 2186 1394 ea

304 1437 400 1474 nos
422 1437 525 1479 non
548 1422 710 1488 magis
732 1437 934 1475 movere
953 1423 1161 1484 debent,
1202 1437 1360 1489 quam
1381 1435 1544 1489 quum
1565 1429 1752 1483 narrat,
1793 1422 1961 1472 Deum
1982 1423 2189 1486 propter

301 1499 570 1551 hominum
600 1509 805 1566 peccata
832 1502 1012 1563 irasci,
1052 1501 1374 1562 contristari,
1408 1499 1678 1566 vpoenitere
1708 1497 1831 1571 boni
1860 1499 2099 1564 promissi
2137 1505 2188 1548 et

300 1575 441 1640 sacti,
484 1583 573 1628 aut
594 1579 911 1643 ,quodneus
939 1593 999 1630 ex
1026 1591 1087 1628 eo
1125 1576 1263 1643 quod
1293 1578 1500 1642 signum
1528 1577 1695 1638 videt,
1734 1577 1977 1644 promissi
2009 1589 2186 1626 recor-

301 1655 477 1717 detur,
519 1661 569 1704 et
589 1651 688 1706 alia
707 1655 1021 1722 perplurima
1035 1695 1048 1717 ,
1092 1667 1222 1722 quae
1243 1655 1320 1707 vel
1341 1655 1537 1722 poetice
1558 1653 1689 1705 dicta
1711 1659 1858 1716 sunt,
1899 1651 1976 1704 vel
1995 1666 2188 1704 secun-

302 1729 430 1783 dum
449 1732 715 1799 scriptoris
734 1732 1009 1799 opiniones
1029 1739 1081 1785 et
1097 1733 1412 1801 praeiudicia
1430 1732 1607 1783 relata.
1683 1733 1766 1784 51.
1801 1732 1970 1795 Quare
1990 1730 2074 1781 hic
2093 1728 2188 1781 ab-

302 1809 470 1861 solute
503 1810 895 1872 concludimuS,
948 1811 1120 1861 omnia
1168 1824 1300 1876 quae
1346 1812 1400 1860 in
1447 1810 1712 1875 Scriptura
1758 1824 1874 1861 vere
1921 1816 2188 1859 narrantur

302 1887 578 1953 contigisse
594 1927 607 1950 ,
647 1902 704 1939 ea
726 1886 1016 1938 secundum
1038 1888 1178 1953 leges
1199 1894 1413 1937 naturae
1433 1894 1490 1937 ut
1509 1888 1680 1938 omnia
1700 1887 1992 1937 necessario
2012 1887 2185 1937 conti-

302 1964 467 2029 gisse3
506 1971 557 2015 et
582 1966 628 2015 si
658 1964 783 2032 quid
814 1966 1120 2031 reperiatur,
1162 1965 1300 2030 quod
1334 1964 1616 2031 apodictice
1637 1962 1975 2015 demonstrari
1997 1971 2182 2029 potest,

300 2040 509 2107 legibus
545 2049 759 2093 naturae
795 2056 1109 2110 repugnare,
1168 2048 1256 2092 aut
1293 2055 1351 2092 ex
1385 2041 1450 2090 iis
1488 2042 1736 2106 consequi
1782 2056 1884 2091 non
1931 2041 2184 2108 potuisse,

302 2118 453 2184 plane
473 2118 806 2181 credendum,
848 2118 903 2169 id
920 2133 949 2170 a
969 2118 1231 2185 sacrilegis
1248 2117 1550 2169 hominibus
1571 2120 1730 2169 sacris
1753 2115 1914 2168 literis
1933 2116 2189 2167 adiectum

278 2194 484 2247 ’fuisse.
558 2196 824 2262 Quicquid
853 2198 990 2247 enim
1020 2205 1193 2247 contra
1224 2203 1460 2247 naturam
1497 2204 1600 2258 est,
1639 2196 1692 2247 id
1730 2202 1902 2246 contra
1939 2194 2189 2244 rationem

304 2280 408 2334 est,
450 2280 500 2325 et
518 2274 661 2341 quod
683 2280 859 2325 contra·
877 2275 1152 2337 rationem,
1193 2272 1246 2324 id
1266 2271 1682 2335 absurdum-est,
1723 2287 1782 2323 ac
1799 2271 2013 2340 proinde
2035 2271 2187 2323 etiam

303 2350 655 2402 refutandum.

443 2430 528 2483 52.
566 2430 817 2494 Superest
843 2429 974 2489 iam,
1016 2436 1213 2480 tanturn
1242 2442 1407 2496 pauca
1437 2426 1605 2479 adbuc
1637 2426 1700 2479 de
1721 2426 2082 2494 miraculorum
2106 2425 2190 2475 in-

306 2506 664 2571 terpretatione
699 2512 903 2569 notare,
945 2504 1021 2556 vel
1060 2508 1233 2572 potius
1270 2505 1564 2571 recolligere
1605 2508 1746 2567 (nam
1779 2505 2051 2571 praecipua
2087 2503 2188 2553 iarn

308 2580 441 2632 dicta
462 2582 612 2651 sunt)
632 2590 682 2634 et
700 2597 804 2658 uno
824 2591 911 2633 aut
931 2584 1087 2633 altero
1108 2577 1339 2649 exemplo
1361 2582 1641 2645 illustrare,
1683 2582 1820 2647 quod
1849 2580 1931 2631 hic
1955 2595 2039 2645 ,qu
2054 2587 2189 2631 arto

308 2658 476 2710 facere
494 2662 739 2725 promisi,
778 2660 936 2727 idque
957 2667 1225 2728 propterea
1245 2660 1390 2722 volo,
1431 2675 1494 2711 ne
1517 2661 1635 2725 quis
1657 2657 1960 2710 miraculum
1981 2654 2188 2721 aliquod

306 2736 442 2787 male
479 2737 860 2805 interpretando
898 2746 1088 2789 temere
1124 2739 1446 2804 suspicetur,
1505 2751 1563 2788 se
1599 2736 1794 2803 aliquid
1835 2737 1888 2785 in
1928 2734 2190 2809 Scriptura

304 2814 587 2879 reperisse,
627 2814 766 2881 quod
798 2816 983 2867 lumini
1021 2822 1232 2867 naturae
1271 2822 1540 2881 repugnet.
1616 2814 1700 2865 53.
1737 2814 1870 2863 Raro
1909 2800 2186 2861 admodum

306 2889 388 2953 fit,
428 2898 488 2942 ut
522 2891 761 2944 homines
803 2908 909 2945 rem
940 2892 1190 2959 aliquam,
1231 2899 1289 2943 ut
1319 2899 1462 2959 gesta
1487 2899 1596 2953 est,
1634 2893 1704 2941 ita
1727 2887 2036 2977 simpliciter
2072 2903 2191 2939 nar-

308 2974 453 3031 rent,
511 2976 572 3020 ut
606 2968 733 3021 nihil
772 2972 851 3020 sui
890 2970 1071 3032 iudicii
1112 2970 1389 3021 narrationi
1426 2968 1776 3026 immisceant;
1833 2966 1967 3027 imo,
2025 2976 2188 3030 quum

310 3044 507 3113 aliquid
528 3047 649 3099 novi
668 3048 843 3098 vident
860 3053 950 3098 aut
966 3046 1207 3111 audiunt,
1250 3046 1352 3098 nisi
1382 3046 1599 3097 maxime
1618 3058 1646 3093 a
1669 3044 1780 3095 suis
1799 3042 2187 3108 praeconceptis

310 3120 643 3189 opinionibus
679 3132 912 3187 caveant,
968 3124 1034 3175 iis
1069 3124 1378 3191 plerumque
1411 3122 1486 3173 ita
1531 3116 2074 3187 praeoccupabuntur,
2131 3123 2190 3173 ut

377 3206 606 3277 Spinosa
640 3208 734 3260 m.
1731 3202 1760 3257 7
