2548 3485
1149 124 1426 171 cutvm
2145 127 2224 187 89

342 304 585 358 creaverit
599 343 612 366 ,
644 303 859 367 eiusque
876 302 1015 367 leges
1034 307 1084 353 et
1104 302 1305 368 regulas
1326 303 1453 355 adeo
1474 304 1672 356 steriles
1691 307 1953 368 statuerit,
1992 314 2050 358 ut
2069 323 2224 376 saepe

342 383 407 436 de
436 381 579 433 novo'
596 380 643 432 ei
672 377 944 432 subvenire
972 385 1208 446 cogatur,
1248 381 1295 430 si
1323 395 1435 432 eam
1463 389 1808 434 conservatam
1841 383 1947 435 vult
1972 391 2022 436 et
2037 391 2106 437 ‘ut
2141 401 2222 438 res

342 475 404 512 ex
434 465 547 510 voto
574 452 890 510 succedant?
959 455 1113 518 Quod
1142 471 1267 510 sane
1295 472 1323 508 a
1352 458 1546 509 ratione
1573 458 1948 512 alienissimum
1975 475 2090 514 esse
2118 465 2223 514 exi-

341 538 517 588 stimo.
591 535 676 587 13.
714 535 791 586 Ex
806 534 889 584 liis
908 534 1100 599 itaque,
1122 535 1265 601 quod
1286 536 1338 585 in
1361 542 1540 586 natura
1559 536 1686 586 nihil
1703 537 1970 603 contingit,
2003 540 2143 603 quod
2161 552 2221 591 ex

341 616 457 667 eius
474 611 678 679 legibus
698 627 800 664 non
820 611 1056 679 sequitur
1067 649 1084 676 ‚
1108 619 1159 662 et
1175 611 1318 678 quod
1336 611 1450 663 eins
1467 613 1607 680 leges
1625 613 1691 664 ad
1709 615 1878 665 omnia
1891 653 1906 677 ,
1937 630 2070 681 quae
2087 624 2139 667 et
2154 617 2220 668 ab

342 695 458 758 ipso
478 691 649 742 divino
668 690 927 740 intellectu
948 689 1335 755 concipiuntur,
1357 703 1418 740 se
1437 690 1738 752 extendunt,
1771 698 1822 742 et
1839 690 1978 757 quod
1998 692 2222 760 denique

343 776 520 820 natura
549 766 706 819 fixum
734 773 887 833 atque
915 765 1291 816 immutabilem
1319 765 1552 818 ordinem
1583 774 1776 829 servat:
1817 769 2100 821 clarissime
2135 785 2222 822 se·-

344 847 535 912 quitur,
578 858 766 896 nomen
786 845 940 894 mira
954 842 1081 894 culi
1111 855 1212 893 non
1233 843 1335 894 nisi
1354 844 1630 910 respective
1647 843 1712 896 ad
1729 844 1998 897 hominum
2017 847 2221 913 opinio-

344 937 435 975 nes
457 936 611 989 posse
630 920 870 986 intelligi,
912 926 963 971 et
982 919 1106 970 nihil
1125 919 1265 970 aliud
1285 919 1596 988 significare,
1630 935 1786 987 qnam
1813 937 2002 989 opus,
2034 924 2220 974 cuius

342 1013 596 1052 causam
647 997 1002 1049 naturalem
1058 996 1342 1063 exemplo
1387 997 1658 1049 alterius
1700 1000 1788 1050 rei
1833 1000 2068 1052 solitae
2113 1016 2221 1052 ex-

341 1078 581 1145 plicare
617 1089 739 1126 non
774 1088 1150 1140 possumus,
1190 1073 1265 1125 vel
1295 1073 1476 1126 saltem
1504 1075 1618 1140 ipse
1645 1090 1748 1126 non
1777 1082 1964 1142 potest,
1994 1078 2086 1144 qni
2114 1080 2218 1130 mi-

344 1153 576 1205 raculum
606 1151 784 1203 scribit
800 1157 891 1201 aut
910 1157 1096 1201 narrat.
1176 1151 1256 1202 14.
1299 1153 1512 1202 Possem
1535 1151 1744 1218 quidem
1765 1153 1960 1216 dicere,
1991 1155 2217 1207 miracu-

342 1231 451 1281 lum
478 1243 594 1281 esse
620 1229 673 1280 id
690 1269 703 1292 ,
745 1228 895 1278 cuius
923 1241 1079 1279 causa
1108 1242 1166 1279 ex
1192 1227 1458 1293 principiis
1486 1244 1655 1280 rerum
1687 1229 1996 1281 naturalium
2023 1233 2220 1284 lumine

343 1306 564 1358 naturali
605 1307 739 1357 notis
786 1303 1021 1371 explicari
1067 1305 1264 1370 nequit.
1339 1305 1530 1356 Verum
1575 1307 1820 1370 quoniam
1864 1309 2108 1360 miracula
2151 1309 2228 1360 ad

345 1391 550 1450 captum
571 1382 703 1448 vulgi
735 1381 865 1432 faeta
885 1381 1121 1443 fuerunt,
1163 1381 1302 1447 quod
1324 1381 1534 1447 quidem
1553 1383 1801 1450 principia
1821 1398 1990 1436 rerum
2011 1393 2220 1437 natura-

341 1462 469 1514 lium
499 1460 647 1527 plane
673 1457 965 1526 ignorabat,
1005 1465 1202 1510 certum
1232 1465 1338 1521 est,
1378 1459 1619 1524 antiquos
1645 1459 1698 1510 id
1726 1474 1760 1526 p
1846 1462 2092 1513 miraculo
2120 1463 2217 1514 lia—

343 1538 521 1590 buisse
536 1577 551 1600 ,
592 1535 731 1603 quod
752 1535 999 1602 explicare
1018 1549 1121 1586 non
1142 1541 1374 1601 poterant
1393 1549 1452 1586 eo
1475 1535 1649 1598 modo,
1692 1551 1766 1603 qn
1817 1538 2000 1602 vulgus
2022 1553 2103 1590 res
2123 1553 2218 1590 na-

344 1615 537 1667 turales
569 1614 817 1681 explicare
836 1613 991 1675 solet,
1034 1612 1338 1664 recurrendo
1358 1611 1552 1663 scilicet
1565 1613 1629 1663 ad
1651 1616 1947 1666 memoriam
1963 1653 1976 1676 ,
2015 1621 2073 1665 ut
2089 1616 2218 1666 alte-

344 1693 451 1745 rius
470 1691 542 1744 rei
560 1691 773 1754 similis,
814 1704 971 1757 quam
991 1691 1103 1741 sine
1122 1689 1454 1740 admiratione
1481 1689 1747 1756 imaginari
1777 1692 1936 1755 solet,
1976 1693 2215 1745 recorde-

341 1778 451 1831 tur;
492 1778 604 1821 tum
631 1770 769 1819 enim
798 1768 981 1833 vulgus
1011 1782 1118 1818 rem
1148 1768 1372 1832 aliquam
1399 1782 1456 1818 se
1482 1768 1608 1818 satis
1640 1768 1919 1835 intelligere
1939 1772 2211 1833 existimat,

343 1861 505 1913 quum
532 1848 700 1911 ipsam
720 1859 822 1895 non
842 1845 1141 1896 admiratur.
1218 1846 1302 1897 15.
1339 1845 1558 1910 Antiqui
1579 1847 1750 1912 itaque
1771 1855 1819 1899 et
1837 1862 2017 1899 omnes
2037 1848 2142 1899 sere
2161 1849 2212 1898 in

342 1923 439 1974 hoc
469 1937 633 1987 nsque
661 1930 866 1987 tempus
894 1921 1085 1973 nullam
1116 1928 1316 1987 praeter
1343 1920 1474 1972 hanc
1502 1936 1732 1974 normam
1762 1925 1990 1975 miraculi
2018 1924 2216 1976 babue-
2255 1929 2260 1935 ’

341 2006 479 2051 runt.
520 2000 691 2061 Quare
711 2012 811 2049 non
832 1996 1191 2060 dubitandum,
1216 1997 1342 2064 quin
1361 1998 1413 2048 in
1434 1999 1593 2049 saeris
1612 2000 1770 2051 literis
1791 2002 1949 2052 multa
1968 2008 2214 2067 tanquam

342 2077 585 2128 miracula
613 2084 910 2136 narrentur,
950 2088 1171 2140 quorum
1202 2088 1388 2125 causae
1415 2088 1474 2125 ex
1501 2076 1768 2143 principiis
1800 2091 1968 2130 rerum
2004 2085 2215 2129 natura-

340 2155 469 2206 lium
516 2154 653 2204 notis
690 2152 837 2203 facile
873 2159 1096 2219 possunt
1131 2151 1394 2218 explicari,
1435 2157 1493 2201 nt
1524 2151 1626 2203 iam
1662 2166 1820 2219 supra
1853 2156 2120 2205 innuimus
2159 2157 2211 2205 in

338 2245 453 2299 cap.
474 2233 525 2286 2.
547 2269 561 2294 ,
600 2244 761 2296 quum
792 2229 855 2279 de
885 2242 970 2292 eo,
1012 2228 1151 2293 quod
1181 2226 1259 2277 sol
1289 2228 1485 2279 steterit
1514 2234 1740 2296 tempore
1770 2231 1954 2282 Iosuae
1991 2239 2040 2282 et
2073 2231 2211 2296 quod

341 2304 713 2373 retrogra'datus
754 2306 906 2357 suerit
940 2311 1166 2370 tempore
1191 2303 1388 2366 Achaz,
1430 2304 1630 2371 loquuti
1667 2308 1936 2373 sumus*).
2009 2307 2111 2360 Sed
2147 2307 2213 2360 de

340 2384 419 2435 liis
447 2398 563 2435 mox
587 2382 833 2450 prolixius
862 2396 1103 2448 agemus,
1144 2395 1331 2447 nempe
1360 2382 1491 2433 circa
1518 2384 1880 2436 miraculorum
1907 2386 2212 2452 interpreta-

342 2462 528 2513 tionem
542 2501 555 2525 ,
596 2460 659 2511 de
678 2460 851 2525 quain
873 2458 969 2509 hoc
991 2459 1153 2524 capite
1170 2472 1318 2523 agere
1338 2460 1572 2525 promisi.

448 2540 531 2590 16.
567 2537 785 2587 niciam
807 2542 1011 2601 tempus
1030 2542 1125 2597 est,
1168 2542 1224 2585 ut
1241 2534 1306 2586 ad
1335 2538 1683 2590 secundnm
1713 2546 1995 2603 transeam,
2025 2555 2210 2607 nempe

343 2622 399 2666 ut
417 2614 682 2666 ostendam
696 2653 710 2677 ,
750 2627 844 2664 nos
875 2628 933 2665 ex
958 2612 1219 2663 miraculis
1239 2626 1332 2663 nec
1350 2614 1445 2664 Dei
1463 2616 1741 2667 essentiam
1761 2631 1855 2669 nec
1871 2619 2203 2679 existentiam,

341 2706 435 2744 nec
461 2690 827 2757 providentiam
851 2704 1008 2756 posse
1036 2688 1340 2754 intelligere,
1381 2690 1474 2741 sed
1503 2700 1677 2744 contra
1702 2692 1828 2746 haee
1856 2695 2003 2759 longe
2023 2694 2208 2745 melius

338 2768 533 2836 percipi
563 2782 622 2819 ex
649 2766 747 2818 fixo
772 2774 927 2833 atque
944 2764 1256 2818 immutabili
1276 2773 1484 2819 naturae
1503 2770 1708 2831 ordine;
1747 2772 1811 2823 ad
1829 2771 1970 2837 quod
1991 2770 2208 2821 demon-

337 2845 605 2898 strandum
631 2844 708 2895 sie
734 2843 971 2911 procedo.
1047 2844 1130 2896 1⁷.
1169 2844 1348 2907 Quum
1381 2845 1479 2896 Dei
1512 2846 1773 2899 existentia
1810 2860 1911 2898 non
1940 2847 2008 2897 sit
2033 2860 2125 2912 per
2149 2860 2208 2898 se

338 2930 483 2985 nota,
523 2920 677 2974 debet
710 2923 999 2974 necessario
1034 2921 1273 2975 concludi
1309 2936 1369 2974 ex
1403 2920 1726 2988 notionibus,
1769 2937 1986 2988 quarum
2022 2924 2206 2975 veritas

410 3090 999 3145 *jurarem-m.
