2548 3485
379 122 459 179 48
535 114 540 119 '
773 124 1165 170 TRAOTATUS
1205 124 1863 171 Tnssonoelco-Pou'r.

380 304 518 369 quod
537 304 639 370 ipsi
659 302 773 366 soii,
799 303 980 357 ceteris
1002 318 1104 355 non
1126 303 1250 355 item
1267 303 1403 357 bene
1420 304 1507 368 sit,
1540 312 1629 355 eut
1649 301 1789 369 quod
1809 301 2023 368 reliquis
2044 302 2115 354 sit
2136 300 2263 355 bea-

377 382 478 433 tior
496 388 545 432 et
565 381 732 445 magis
754 380 1066 444 fortunatuS,
1089 382 1135 432 is
1155 396 1325 434 veram
1345 381 1635 435 felicitatem
1650 388 1701 433 et
1721 379 2093 432 beatitudinem
2112 380 2262 445 igno*

377 465 481 521 rat,
511 465 564 509 et
580 458 794 521 laetitia,
829 474 984 526 quam
1008 459 1129 511 inde
1152 459 1405 526 concipit,
1438 459 1541 511 nisi
1563 458 1777 527 puerilis
1798 460 1895 519 sit,
1927 472 1986 509 ex
2005 456 2148 509 nulla
2166 457 2265 509 elie

379 550 434 587 re
453 536 646 597 oritur,
686 550 844 602 quem
863 552 922 589 ex
939 536 1128 595 invidie
1148 544 1198 589 et
1215 536 1353 589 malo
1376 538 1569 588 animo.
1640 538 1695 593 2.
1734 536 1829 587 Ex.
1850 549 1927 601 gr.
1950 549 2065 586 vera
2084 533 2262 586 homi-
2320 554 2327 561 ·

379 613 460 664 nis
492 612 710 665 felicitas
739 620 790 665 et
815 611 1080 665 beatitudo
1109 614 1163 665 in
1185 614 1294 666 sola
1314 614 1563 681 sapientie
1586 614 1757 667 otveri
1776 614 2064 679 cognitione
2084 613 2264 664 consi—

378 692 483 755 stit,
520 696 572 741 nt
593 690 806 742 minime
826 691 882 742 in
903 705 992 756 eo,
1034 690 1175 758 quod
1205 691 1486 758 sapientior
1512 690 1726 757 reliquis
1745 693 1839 754 sit,
1878 690 1955 742 vei
1974 688 2116 756 quod
2134 690 2263 741 reli-

379 768 470 833 qui
499 781 618 819 vera
643 768 935 834 cognitione
967 776 1202 831 carenum
1241 769 1339 821 hoc
1369 769 1507 820 enim
1538 769 1651 820 eius
1672 769 2005 835 sapientium,
2045 768 2143 819 hoc
2160 774 2261 830 est,

378 859 547 896 veram
577 844 692 898 eius
722 845 1016 896 felicitatem
1045 845 1172 896 nibil
1203 859 1419 912 prorsus
1456 852 1627 911 auget.
1703 846 1809 909 Qui
1848 847 2021 911 itaque
2058 851 2267 911 propter

378 921 476 973 boc
495 923 704 989 gaudet,
735 923 782 973 is
801 921 934 974 malo
955 921 1168 974 alterius
1189 921 1397 989 gaudet,
1421 922 1656 989 adeoque
1674 923 1883 975 invidus
1903 931 1981 974 est
2000 930 2053 973 et
2068 922 2259 983 maluS,

377 1014 472 1051 nec
519 1012 690 1054 veram
735 1001 876 1052 novit
921 1000 1226 1065 sapientiem
1263 1015 1434 1067 neque
1471 1014 1617 1053 verae
1653 1002 1783 1052 vitae
1819 999 2261 1066 tranquillitatem.

381 1077 433 1127 3.
475 1077 652 1140 Quum
672 1077 829 1143 igitur
849 1078 1110 1143 Scriptura
1129 1117 1142 1140 ,
1184 1085 1241 1129 ut
1259 1078 1527 1130 Hebraeos
1547 1078 1610 1130 ed
1632 1077 1973 1129 obedientiam
1996 1076 2123 1143 legis
2143 1074 2267 1127 hor-

377 1160 542 1216 tetur,
581 1154 733 1215 dicit,
770 1155 939 1205 Deum
969 1169 1061 1206 eos
1091 1168 1213 1221 prae
1243 1158 1425 1207 ceteris
1445 1154 1744 1207 nationibus
1763 1154 1866 1205 sibi
1886 1153 2101 1219 elegisse
2123 1151 2266 1215 (vide

373 1232 532 1283 Deut.
571 1244 686 1297 cap.
709 1232 794 1283 1⁰.
836 1247 883 1284 v.
920 1231 1065 1299 15.)‚
1109 1232 1238 1298 ipsis
1276 1234 1625 1299 propinquum
1662 1246 1804 1297 esse,
1844 1231 1959 1283 aliis
1996 1245 2099 1282 non
2138 1231 2265 1281 item

375 1308 571 1372 (Dent.
601 1322 716 1375 cap.
748 1311 800 1359 4.
837 1323 886 1360 v.
907 1310 960 1360 4.
990 1309 1108 1377 7.),
1147 1309 1211 1359 iis
1247 1316 1449 1361 tantum
1487 1309 1629 1375 leges
1665 1310 1831 1362 iustas
1867 1308 2265 1376 praescripsisse

375 1385 640 1455 (eiusdem
667 1399 782 1452 cep.
813 1399 862 1438 v.
883 1385 996 1454 8.),
1035 1387 1166 1452 ipsis
1201 1386 1425 1452 denique
1454 1393 1682 1448 tentum,
1723 1387 1906 1437 ceteris
1934 1384 2259 1451 posthabitis,

373 1464 665 1515 innotuisse
678 1463 818 1527 (vide
837 1462 1071 1515 eiusdem
1092 1477 1267 1531 capa.
1284 1463 1370 1517 32.
1384 1467 1529 1529 etc.)‚
1550 1463 1615 1514 ad
1634 1477 1814 1517 eorum
1834 1468 2043 1529 captu-m
2060 1468 2263 1514 tantum

375 1542 632 1607 loquitur,
671 1542 790 1607 qui,
827 1541 967 1591 utin
997 1540 1262 1608 superiore
1293 1541 1457 1606 capite
1487 1541 1811 1593 ostendimus
1842 1548 1895 1591 et
1909 1540 2088 1593 Moses
2108 1539 2263 1591 etiam

377 1626 594 1670 testatur
631 1617 774 1685 (vide
809 1618 965 1668 Dent.
1007 1631 1121 1685 cap.
1155 1617 1206 1669 9.
1246 1632 1296 1669 v.
1320 1619 1371 1670 6.
1394 1617 1505 1685 7.),
1544 1632 1713 1671 veram
1750 1616 2121 1669 beatitudinem
2156 1632 2265 1669 non

375 1702 638 1750 noverant.
710 1698 764 1746 4.
804 1695 932 1746 Nem
963 1708 1086 1747 sene
1118 1695 1221 1762 ipsi
1252 1709 1356 1755 non
1388 1695 1565 1748 minus
1594 1694 1729 1748 beati
1758 1695 2009 1755 fuissent,
2044 1695 2091 1746 si
2117 1695 2265 1747 Deus

377 1787 560 1824 omnes
589 1787 754 1838 aeque
782 1771 847 1822 ad
877 1771 1098 1824 salutem
1129 1773 1440 1835 vocavisset;
1484 1788 1577 1826 nec
1605 1775 1737 1841 ipsis
1758 1775 1901 1824 Deus
1931 1773 2103 1824 minus
2128 1772 2265 1826 foret

266 1908 274 1917 ,
375 1851 649 1917 propitius,
687 1850 922 1915 quamvis
945 1848 1160 1918 reliquis
1179 1865 1344 1916 aeque
1360 1865 1521 1918 prope
1540 1851 1773 1912 edessen
1813 1864 1908 1902 nec
1925 1849 2065 1916 leges
2084 1851 2266 1902 minus

375 1928 570 1990 iustae,
611 1940 708 1978 nec
728 1927 828 1992 ipsi
847 1927 1022 1978 minus
1041 1929 1333 1994 sapientes,
1372 1930 1468 1980 etsi
1489 1927 1733 1981 omnibus
1760 1928 2102 1994 praescriptae
2130 1926 2267 1978 fuis-

376 2011 517 2066 sent3
558 2019 652 2056 nec
683 2002 928 2056 miracula
959 2006 1053 2057 Dei
1083 2006 1364 2072 potentiam
1392 2006 1571 2058 minus
1610 2005 1986 2068 ostendissent,
2023 2006 2070 2057 si
2104 2005 2265 2056 etiam

373 2089 583 2150 propter
609 2082 735 2134 alias
764 2082 1006 2134 nationes
1037 2082 1168 2135 fectu
1187 2083 1439 2144 fuissent3
1482 2097 1577 2136 nec
1596 2083 1821 2148 denique
1837 2081 2065 2134 Hebraei
2085 2082 2263 2133 minus

375 2167 672 2212 tenerentur
698 2160 868 2211 Deum
897 2159 1062 2213 colere
1079 2198 1092 2221 ,
1132 2161 1176 2212 si
1205 2161 1349 2212 Deus
1377 2160 1503 2212 haec
1530 2162 1700 2212 omnia
1728 2159 1863 2212 dona
1892 2158 2137 2211 omnibus
2174 2174 2267 2210 ee-

377 2237 598 2303 quaiiter
627 2236 840 2304 largitus
877 2237 1085 2289 fuisset.
1131 2239 1212 2289 ·5.
1251 2237 1408 2299 Quod
1448 2245 1622 2290 autem
1658 2240 1801 2289 Deus
1838 2236 2104 2288 Salomoni
2139 2235 2267 2286 dicit

375 2313 516 2382 (vide
543 2315 675 2381 Reg.
709 2314 801 2367 lib.
827 2316 877 2366 1.
909 2329 1022 2382 cap.
1049 2315 1100 2366 3.
1132 2329 1180 2366 v.
1204 2314 1349 2381 12),
1389 2316 1647 2367 neminem
1680 2323 1797 2382 post
1826 2329 1945 2367 eum
1974 2327 2137 2381 neque
2174 2327 2267 2364 sn-

375 2392 630 2458 pientem,
690 2406 749 2443 ae
785 2393 959 2458 ipsum
995 2391 1256 2454 futurum,
1315 2392 1503 2444 modus
1544 2400 1745 2445 tentum
1782 2391 2025 2457 loquendi
2063 2390 2268 2443 videtur

375 2483 492 2520 esse
511 2468 578 2520 nd
597 2467 987 2534 significandam
1012 2469 1248 2520 eximiam
1266 2470 1595 2536 sapientiam.
1667 2469 1926 2536 Quicquid
1939 2470 2022 2532 sit,
2049 2467 2265 2521 minime

375 2545 691 2599 credendum
721 2552 828 2608 est,
868 2546 1006 2613 quod
1032 2548 1176 2598 Deus
1196 2545 1459 2598 Salomoni
1488 2546 1552 2598 ad
1574 2547 1817 2600 maiorem
1837 2547 1951 2598 eius
1971 2545 2263 2598 felicitatem

375 2626 693 2692 promiserit,
735 2637 794 2674 se
823 2624 1015 2675 nemini
1045 2631 1224 2690 postea
1251 2632 1443 2675 mamm
1473 2625 1779 2692 sapientiam
1799 2625 2101 2692 largiturum
2121 2622 2259 2683 i'ore;

377 2701 475 2754 hoc
503 2703 640 2754 enim
673 2699 963 2752 Salomonis
993 2700 1309 2752 intellectum
1338 2701 1468 2754 nibil
1498 2709 1732 2770 augeret,
1771 2716 1867 2754 nec
1893 2701 2123 2768 prudens
2152 2714 2258 2763 rex,

379 2781 472 2830 etsi
493 2780 633 2830 Deus
655 2791 712 2828 se
732 2776 912 2828 eedem
932 2778 1180 2843 sapientie
1201 2792 1385 2831 omnes
1415 2780 1723 2842 donaturum
1752 2779 1989 2843 dixisset,
2030 2777 2261 2830 minores

378 2869 468 2920 pro
491 2863 629 2916 tanto
649 2868 863 2906 munere
882 2856 992 2907 Deo
1011 2861 1183 2921 ageret
1199 2857 1407 2921 gratias.
1501 2885 1510 2895 ·

479 2931 530 2981 6.
569 2932 762 2983 Verum
782 2933 925 2984 enim
945 2947 1088 2998 vero,
1130 2935 1226 2986 etsi
1247 2935 1483 2986 dieamus
1502 2935 1685 2988 Mosen
1706 2934 1760 2985 in
1778 2932 1905 2984 locis
1922 2931 2261 2985 Pentateuchi

378 3005 532 3057 modo
570 3008 734 3059 citatis
771 3009 837 3060 ad
873 3009 1227 3063 Hebraeorum
1265 3017 1472 3080 captum
1514 3012 1741 3064 locutum
1779 3011 1965 3072 fuisse,
2006 3009 2259 3062 nolumus

377 3089 548 3134 tamen
568 3098 779 3150 negare,
819 3087 959 3152 quod
980 3089 1121 3142 Deus
1150 3091 1280 3157 ipsis
1308 3089 1437 3142 solis
1456 3089 1596 3156 leges
1617 3088 1729 3140 illas
1749 3087 2083 3142 Pen-tatcuebi
2102 3102 2259 3155 prae-
