2548 3485
1022 212 1159 258 cap,
1214 208 1326 258 vn.
1991 205 2112 266 107

224 389 379 442 etiam
416 389 551 442 iuter
588 389 749 442 claras
788 402 1008 458 repono,
1048 390 1252 442 tametsi
1294 395 1526 457 respectu
1567 383 1792 439 veritatis
1823 393 1872 438 et
1902 389 2113 439 rationis

224 468 627 520 obscurissimae
658 473 805 528 sunt;
848 467 951 518 imo
987 469 1219 533 quamvis
1248 463 1662 518 earumlitera'lis
1702 477 1890 517 sensus
1925 463 2111 516 lumini

223 545 445 598 naturali
465 551 741 614 repugnet,
783 545 885 596 nisi
918 546 1071 596 etiam
1100 543 1366 612 principiis
1384 551 1436 595 et
1453 541 1803 595 fundamentis
1823 557 1882 594 ex
1899 542 2114 594 historia

224 623 517 690 scripturae
553 623 730 692 petitis
768 622 900 674 clare
940 629 1255 690 opponatur,
1302 621 1350 672 is
1386 632 1603 683 sensuS,
1660 629 1844 686 nempe
1883 617 2111 683 literalis,

226 700 324 751 erit
360 706 529 751 tamen
568 698 899 759 retinendus;
958 707 1009 751 et
1047 707 1251 760 contra,
1303 699 1348 750 si
1385 697 1479 750 bae
1516 698 1802 749 sententiae
1840 708 1897 748 ex
1933 695 2112 746 literali

225 789 403 828 earum
436 779 850 846 interpretatione
885 777 1153 844 principiis
1191 791 1250 828 ex
1281 777 1544 842 Scriptura
1582 775 1760 841 petitis
1797 773 2116 839 reperientur

222 868 538 921 repugnare,
577 868 895 921 quamquam
934 869 1051 906 cum
1090 855 1286 915 ratione
1319 853 1536 905 maxime
1575 853 1930 914 convenirent,
1971 851 2114 901 aliter

226 938 397 982 tamen
432 931 808 999 (metaphorice
837 929 1063 1000 scilicet)
1094 939 1270 983 essent
1302 930 1734 997 interpretandae.
1809 929 1894 980 19.
1931 929 1996 979 Ut
2015 929 2116 980 ita-

224 1023 325 1075 que
348 1011 574 1060 sciamus
589 1050 603 1073 ,
644 1024 708 1060 an
726 1009 905 1062 Moses
925 1007 1231 1070 crediderit,
1269 1010 1439 1060 Deum
1462 1021 1578 1059 esse
1606 1008 1780 1073 ignem
1797 1046 1810 1068 ‚
1852 1018 1916 1056 an
1939 1019 2110 1068 secus,

222 1084 365 1137 nullo
387 1086 541 1138 modo
563 1086 615 1138 id
634 1084 1047 1138 concludendum
1070 1093 1148 1137 est
1167 1100 1224 1137 ex
1244 1101 1307 1136 eo
1321 1125 1335 1148 ,
1377 1085 1518 1151 quod
1548 1083 1671 1135 baec
1694 1084 1869 1151 opinio
1889 1097 2006 1134 cum
2027 1096 2114 1133 ra·-

226 1165 365 1215 tioue
394 1163 689 1224 conveniat,
728 1170 819 1213 aut
848 1163 987 1229 quod
1011 1164 1057 1214 ei
1076 1169 1356 1230 repugnet;
1397 1161 1489 1213 sed
1509 1166 1707 1212 tantum
1728 1175 1788 1212 ex
1809 1159 1921 1211 aliis
1944 1160 2111 1226 ipsius

221 1241 388 1292 Mosis
409 1241 697 1292 sententiis,
768 1239 1018 1292 Videlicet
1037 1241 1285 1306 quoniam
1305 1241 1484 1293 Moses
1503 1237 1739 1306 plurimis
1758 1239 1812 1288 in
1831 1237 1961 1288 locis
1981 1236 2111 1288 clare

223 1317 377 1368 etiam
399 1317 575 1380 docet,
614 1317 785 1368 Deum
806 1317 1001 1369 nullam
1020 1314 1211 1368 habere
1231 1315 1625 1368 similitudinem
1656 1329 1774 1366 cnm
1803 1313 1960 1366 rebus
1979 1314 2110 1365 visi-

222 1393 446 1456 bilibus,
489 1407 620 1460 quae
648 1394 702 1445 in
732 1393 915 1456 coelis,
960 1395 1012 1445 in
1040 1400 1174 1445 terra
1203 1401 1293 1445 aut
1321 1393 1376 1444 in
1407 1407 1540 1458 aqua
1568 1398 1719 1452 sunt3
1759 1391 1876 1442 hinc
1899 1390 2113 1442 conclu-

224 1470 482 1533 dendum,
525 1471 657 1522 hanc
685 1473 993 1524 sententiam
1022 1478 1112 1522 ant
1138 1471 1253 1522 illas
1281 1485 1462 1521 omnes
1489 1469 1836 1536 metaphorice
1873 1482 1989 1520 esse
2025 1481 2114 1518 ex·-

221 1547 510 1615 plicandas.
582 1549 667 1604 20.
691 1549 761 1600 At
777 1549 899 1614 quia
920 1563 949 1598 a
971 1543 1153 1599 literali
1172 1560 1356 1610 sensu,
1381 1561 1536 1613 quam
1559 1547 1770 1598 minime
1789 1544 1898 1597 fieri
1919 1551 2106 1611 potest,

223 1633 302 1677 est
332 1625 706 1688 recedendum,
748 1625 864 1677 ideo
895 1625 1039 1692 prius
1078 1625 1462 1691 quaerendum,
1504 1637 1628 1675 num
1657 1622 1782 1674 baec
1808 1624 1958 1675 unica
1987 1637 2112 1674 sen-—

222 1703 405 1770 tentia,
446 1703 591 1755 Deua
620 1707 702 1754 eat
726 1703 897 1769 ignis,
937 1701 1095 1754 alium
1125 1708 1326 1769 praeter
1353 1701 1599 1755 literalem
1619 1715 1834 1755 sensum
1854 1700 2108 1764 admittat,

221 1780 317 1832 hoc
348 1788 450 1843 est,
495 1796 560 1832 an
589 1793 778 1832 nomen
810 1783 955 1846 ignis
982 1780 1118 1830 aliud
1150 1793 1306 1845 quam
1336 1780 1620 1832 naturalem
1647 1780 1819 1846 ignem
1839 1778 2106 1846 significet.

224 1858 376 1921 Quod
398 1859 441 1910 si
464 1872 565 1909 non
586 1856 868 1923 reperiatur
887 1870 946 1908 ex
966 1870 1069 1909 usu
1090 1856 1292 1923 liuguae
1314 1857 1454 1909 aliud
1471 1856 1782 1924 significare,
1798 1857 1941 1908 nullo
1956 1857 2109 1908 etiam

222 1935 323 1985 alio
344 1936 497 1986 modo
519 1933 898 2000 interpretanda
919 1940 1058 1985 esset
1088 1934 1211 1986 baec
1239 1936 1524 1996 sententia,
1565 1936 1896 2001 quantumvis
1926 1934 2109 1985 rationi

221 2024 546 2078 repugnans;
588 2010 682 2063 sed
712 2018 887 2064 contra
916 2012 1147 2078 reliquae
1178 2026 1405 2073 omnes‚·
1431 2012 1663 2077 quamvis
1687 2010 1869 2063 rationi
1890 2024 2112 2062 consen-

221 2094 417 2151 taneae,
455 2087 577 2140 huic
595 2095 768 2140 tamen
790 2094 965 2141 essent
984 2087 1472 2139 accommodandae.
1543 2088 1630 2142 21.
1663 2087 1815 2151 Quod
1837 2088 1882 2138 si
1902 2101 1996 2138 nec
2014 2087 2111 2137 hoc

222 2166 372 2216 etiam
393 2180 451 2217 ex
476 2180 578 2217 usu
603 2166 808 2234 linguae
830 2172 1009 2232 posset
1027 2162 1163 2227 fieri,
1202 2172 1316 2216 tum
1337 2165 1431 2216 hae
1451 2165 1734 2216 sententiae
1762 2164 2112 2215 irreconcilia-

220 2240 356 2293 biles
390 2250 602 2304 essent,
659 2257 717 2294 ac
754 2243 969 2311 proinde
1007 2243 1072 2295 de
1108 2244 1174 2293 iis
1221 2243 1474 2294 iudicium
1518 2242 1615 2292 erit
1660 2239 2106 2309 suspendendum.

223 2318 323 2370 Sed
352 2320 473 2387 quia
501 2334 691 2372 nomen
714 2322 862 2385 ignia
879 2331 970 2386 pro
990 2321 1063 2371 ira
1085 2327 1133 2370 et
1152 2319 1399 2387 zelotypia
1420 2321 1573 2371 etiam
1593 2320 1818 2371 sumitur
1839 2318 1976 2387 (vide
1997 2318 2108 2369 lobi

224 2409 338 2461 cap.
360 2397 446 2448 31.
476 2411 611 2449 vers,
642 2398 779 2466 12),
824 2396 944 2448 binc
983 2397 1129 2448 facile
1161 2397 1332 2449 Mosis
1371 2395 1656 2448 sententiae
1693 2394 2107 2459 reconciliantur,

224 2479 377 2538 atque
394 2472 622 2541 legitime
643 2474 1036 2537 concludimuS‚
1075 2474 1206 2526 duas
1236 2473 1328 2525 bas
1356 2474 1669 2537 sententiam,
1707 2474 1854 2525 Deus
1871 2479 1953 2525 est
1966 2476 2111 2541 ignis

221 2554 276 2600 ee
326 2550 471 2601 Deus
524 2557 601 2602 est
653 2552 925 2619 zelotypus
945 2590 958 2613 ‚
1014 2564 1171 2602 unam
1226 2552 1549 2617 eandemque
1604 2566 1720 2603 esse
1774 2552 2103 2603 sententiam.

162 2684 166 2687 ,
220 2628 307 2682 22.
346 2626 503 2678 Porro
542 2630 788 2695 quoniam
827 2630 1009 2682 Moses
1047 2629 1178 2679 clare
1215 2627 1394 2691 docet,
1433 2629 1602 2681 Deum
1641 2643 1759 2681 esse
1795 2631 2105 2697 zelotypum,

221 2717 315 2754 nec
347 2702 490 2755 ullibi
510 2704 687 2768 docet,
725 2707 894 2758 Deum
918 2720 1089 2758 carere
1110 2704 1444 2774 passionibus
1465 2707 1572 2757 sive
1593 2707 1749 2758 animi
1771 2706 2101 2773 pathematiS,

220 2779 341 2832 hinc
366 2782 519 2849 plane
548 2782 992 2850 concludendum,
1032 2784 1233 2837 Mosem
1268 2781 1364 2833 boc
1391 2783 1564 2850 ipsum
1594 2783 1873 2835 credidisse
1894 2790 1982 2833 ant
2001 2781 2109 2833 sal-

220 2865 322 2908 tem
370 2858 553 2911 docere
599 2860 847 2921 voluisse,
909 2862 1238 2929 quantumvis
1285 2860 1416 2910 banc
1455 2861 1768 2911 sententiam
1806 2860 1988 2912 rationi
2026 2874 2110 2909 re-

220 2949 449 3000 pugnare
479 2936 771 2989 credamus,
840 2935 1000 3003 Nam,
1043 2940 1229 2989 utiam
1268 2937 1619 3000 ostendimuS‚
1659 2935 1810 2987 nobis
1847 2951 1949 2987 non
1988 2936 2109 2988 licet

221 3010 283 3062 ad
316 3012 593 3066 dictamina
623 3023 828 3066 nostrae
858 3016 1068 3066 rationis
1098 3022 1149 3066 et
1175 3016 1239 3066 ad
1260 3021 1466 3067 nostras
1487 3021 1883 3081 praeconceptas
1904 3015 2107 3079 opinio-

220 3102 314 3140 nes
344 3098 571 3142 mentem
602 3092 893 3159 scripturae
920 3100 1182 3158 torquere‚
1224 3091 1318 3143 sed
1350 3098 1454 3143 tota
1473 3088 1758 3141 Bibliorum
1789 3089 2011 3155 cognitio
2040 3088 2102 3139 ab

222 3164 409 3219 iisdem
428 3168 559 3220 solis
578 3176 657 3221 est
676 3170 917 3238 petenda.
