2548 3485
349 131 469 210 18⁸4
736 135 1134 198 TRAcTATth
1165 134 1569 186 ‘runchomcc
1580 163 1605 176 -
1615 138 1825 187 pour.

345 399 522 463 cAP.
565 397 728 462 xm.
819 401 1169 464 ostenditur
1205 403 1569 483 scripturam
1604 423 1719 464 non
1756 403 1869 466 nisi
1902 404 2223 484 simplicis·-

341 498 494 556 sima
538 494 786 569 docere,
831 517 942 558 nec
985 495 1148 558 aliud
1193 502 1429 578 praeter
1464 497 1859 582 obedientiam
1895 499 2225 574 intendet-11³3

339 608 453 650 nec
489 588 565 650 de
601 590 798 652 divina
831 596 1037 652 natura
1073 589 1233 651 alind
1269 590 1507 676 docere,
1544 611 1721 674 quam
1757 591 1917 673 quod
1953 591 2223 654 homines

659 691 822 747 certa
854 684 1086 746 vivendi
1120 686 1348 746 ratione
1383 685 1589 746 imitari
1624 691 1903 767 possunt.

440 855 501 906 In
522 867 636 921 cap.
655 857 728 908 11.
749 853 908 908 huius
935 861 1180 908 tractatus
1213 853 1567 918 ostendimus,
1606 854 1883 922 prophetas
1910 857 2225 924 singularem

341 937 538 984 tantum
577 933 860 999 potenti-am
905 932 1250 1000 imaginandi,
1307 932 1400 984 sed
1446 947 1551 984 non
1594 932 1912 1000 intelligendi
1959 933 2221 998 hahuisse,
2325 977 2328 980 .

339 1010 614 1074 Deumque
644 1009 785 1063 nulla
813 1009 1170 1077 philosophiae
1199 1021 1405 1072 arcana,
1450 1008 1543 1061 sed
1571 1024 1655 1062 res
1674 1011 2091 1079 simplicissimas
2112 1019 2227 1062 tan-

341 1091 452 1138 tum
472 1085 660 1138 iisdem
679 1087 1000 1149 revelavisse‚
1043 1099 1263 1154 seseque
1284 1089 1868 1156 eorumpraeconceptis
1889 1088 2226 1154 opinionibus

340 1164 812 1216 accommodavisse
828 1165 903 1233 ¹).
975 1167 1028 1216 2.
1070 1164 1411 1216 Ostendimus
1430 1164 1615 1217 deinde
1640 1166 1692 1215 in
1715 1177 1828 1232 cap.
1851 1166 1947 1226 V.‚
1989 1166 2227 1232 Scriptu-

339 1254 450 1295 ram
479 1255 564 1292 res
594 1255 656 1294 eo
683 1241 840 1297 modo
867 1241 1068 1294 tradere
1098 1249 1148 1293 et
1177 1242 1389 1303 docere,
1428 1255 1532 1308 quo
1563 1241 1801 1292 facillime
1822 1239 1887 1293 ab
1909 1257 2225 1310 unoquoque

340 1317 534 1385 percipi
548 1325 779 1385 'possunt
793 1318 878 1387 ²);
913 1333 1044 1385 quae
1063 1319 1256 1371 scilicet
1276 1333 1383 1370 non
1402 1333 1462 1370 ex
1481 1320 1747 1371 axiomatis
1766 1327 1817 1370 et
1836 1317 2225 1372 definitionibus

340 1409 424 1446 res
459 1395 670 1448 deducit
706 1403 756 1448 et
791 1403 1117 1458 concatenat,
1165 1395 1260 1447 sed
1300 1403 1500 1448 tantum
1537 1394 1839 1462 simpliciter
1874 1396 2023 1457 dicit,
2075 1405 2124 1448 et
2161 1397 2225 1449 ad

341 1471 495 1524 fidem
534 1472 818 1526 faciendam
854 1475 964 1524 sola
1004 1473 1339 1541 experientia,
1381 1472 1645 1524 miraculis
1674 1473 1869 1524 scilicet
1898 1480 1948 1525 et
1976 1472 2224 1536 historiis,

343 1550 478 1602 dicta
507 1550 805 1614 confirmat,
845 1565 1081 1616 quaeque
1111 1550 1268 1611 etiam
1296 1549 1384 1600 tali
1412 1549 1542 1614 stylo
1570 1555 1621 1601 et
1638 1549 1917 1617 phrasibus
1938 1559 2222 1616 narrantur,

341 1626 536 1692 quibus
567 1628 786 1679 maxime
818 1626 986 1693 plebis
1023 1626 1228 1677 animus
1257 1627 1568 1681 commoveri
1602 1633 1797 1692 potest;
1836 1627 2022 1694 quade
2042 1643 2095 1680 re
2113 1627 2227 1680 vide

342 1718 456 1771 cap.
479 1705 569 1755 VI.
590 1705 724 1770 circa
751 1718 836 1765 ea,
879 1717 1014 1769 quae
1043 1702 1156 1754 loco
1183 1704 1277 1755 ΠΙ.
1302 1702 1725 1756 demonstrantur
1737 1705 1810 1769 ⁸).
1884 1706 1934 1758 3.
1973 1704 2225 1757 Ostendi-

343 1795 460 1832 mus
481 1780 706 1847 denique
739 1782 792 1831 in
814 1794 927 1847 cap.
949 1781 1074 1831 vn.
1097 1780 1451 1833 difficultatem
1480 1782 1797 1847 intelligendi
1830 1784 2144 1849 scripturam
2160 1784 2227 1835 in

343 1856 452 1908 sola
481 1857 686 1924 lingua,
725 1864 776 1909 et
805 1873 908 1909 non
935 1858 990 1909 in
1017 1857 1337 1909 sublimitate
1366 1860 1657 1925 argumenti
1676 1860 1828 1911 sitam
1850 1874 1965 1912 esse
1982 1862 2054 1923 ⁴).
2125 1862 2225 1913 His
2330 1884 2346 1897 ι

343 1933 565 1996 accedit,
605 1935 744 2002 quod
783 1934 1060 2001 prophetae
1093 1950 1197 1987 non
1229 1936 1437 2001 peritiS,
1478 1934 1573 1987 sed
1602 1934 1845 1988 omnihus
1873 1935 2108 1989 absolute
2137 1941 2229 1989 lu-

343 2009 486 2063 daeis
513 2013 964 2079 praedicaverunt,
1005 2012 1226 2079 apostoli
1265 2019 1435 2065 autem
1478 2013 1758 2065 doctrinam
1796 2014 2133 2081 evangelicam
2172 2016 2226 2065 in

343 2086 596 2154 ecclesiiS‚
618 2089 709 2141 uhi
730 2091 1023 2141 communis
1045 2091 1279 2142 omniurn
1302 2096 1407 2141 erat
1425 2097 1730 2153 conventus,
1765 2090 1949 2143 docere
1968 2091 2223 2143 solebant.

341 2168 396 2217 4.
432 2166 510 2217 Ex
535 2165 729 2231 quibus
757 2166 1003 2219 omnihus
1029 2170 1296 2233 sequitur,
1337 2168 1629 2233 scripturae
1657 2167 1941 2219 doctrinam
1960 2182 2063 2220 non
2086 2167 2223 2219 sub-

341 2242 494 2295 limes
521 2243 930 2309 speculationes,
970 2259 1140 2309 neque
1169 2258 1250 2295 res
1282 2242 1666 2310 philosophicas
1696 2246 1984 2308 continere,
2023 2246 2115 2297 sed
2145 2260 2227 2297 res

344 2327 542 2372 tantum
583 2320 1029 2385 simplicissimas,
1087 2335 1218 2386 quae
1255 2322 1332 2372 vel
1370 2335 1399 2372 a
1437 2321 1621 2385 quovis
1665 2322 1959 2375 tardissimo
2004 2328 2229 2389 possunt

339 2396 556 2463 percipi.
627 2398 742 2447 Non
789 2398 917 2449 satis
961 2398 1134 2463 itaque
1181 2397 1355 2449 mirari
1403 2411 1620 2463 possum
1666 2411 1873 2462 eorum,
1933 2398 1997 2451 de
2033 2399 2229 2466 quibus

343 2487 500 2539 supra
537 2472 743 2524 locutus
780 2488 900 2527 sum
925 2475 1009 2542 ⁵),
1066 2476 1300 2541 ingenia,
1358 2476 1447 2540 qui
1486 2476 1681 2527 scilicet
1722 2485 1827 2527 tam
1870 2476 2126 2544 profunda
2172 2478 2229 2528 in

343 2551 604 2615 Scriptura
641 2548 816 2601 vident
851 2552 1123 2617 mysteria,
1162 2558 1220 2602 ut
1257 2550 1401 2603 nulla
1435 2551 1661 2605 humana
1698 2554 1869 2620 lingua
1908 2554 2113 2620 possint
2140 2568 2230 2607 ex-

342 2627 552 2695 plicari;
593 2631 644 2677 et
670 2627 762 2691 qui
789 2627 976 2679 deinde
1002 2628 1056 2679 in
1086 2629 1387 2695 religionem
1416 2636 1489 2681 tot
1521 2642 1603 2681 res
1633 2630 2020 2699 philosophicae
2039 2646 2231 2699 specu-

344 2703 552 2756 lationis
579 2702 1002 2767 introduxerunt,
1043 2710 1102 2755 nt
1129 2706 1345 2759 ecclesia
1376 2706 1665 2770 academia,
1704 2714 1757 2760 et
1782 2707 1959 2775 religio
1990 2709 2259 2773 scientia,.

446 2866 490 2916 1)
525 2862 630 2909 vid.
651 2874 754 2918 cap.
775 2865 818 2907 2.
837 2866 880 2916 ς.
903 2865 968 2905 18.
989 2875 1092 2921 sqq.

445 2925 489 2974 2)
525 2923 629 2969 Vid.
649 2934 752 2979 cap.
771 2926 812 2970 5.
832 2926 876 2977 s.
893 2926 960 2967 35.
981 2935 1084 2981 sqq.
1105 2926 1170 2967 39.
1192 2938 1297 2983 sqq.

446 2984 490 3033 3)
529 2982 630 3026 vid.
653 2994 756 3039 cap.
777 2985 817 3026 6.
839 2986 880 3038 §-
901 2985 966 3025 39.
988 2996 1091 3040 sqq.

447 3039 494 3091 4)
528 3040 628 3085 vid.
651 3054 752 3097 cap.
774 3046 813 3085 7.
835 3045 876 3097 ς.
899 3046 936 3086 1.
959 3056 1062 3099 sqq.
1085 3045 1126 3097 s.
1147 3046 1213 3089 68.
1237 3058 1343 3103 sqq.

449 3099 494 3149 5)
527 3097 628 3145 vid.
649 3112 752 3157 cap.
773 3104 812 3147 9.
834 3105 876 3156 ς.
897 3105 964 3145 33.
985 3115 1089 3159 sqq.

431 3340 467 3357 Q
