2548 3485
1073 152 1212 199 car.
1263 149 1453 197 xvm.
1982 129 1989 137 ⁶
2084 143 2209 206 249

329 324 645 398 reipublicae
682 336 734 381 et
769 329 1032 399 religionis
1065 327 1286 392 damno,
1326 329 1489 381 multo
1524 330 1701 381 minus
1719 328 1785 381 iis
1822 326 2208 385 concedendum

330 409 447 470 erit,
469 408 560 472 qui
577 420 677 459 nec
692 407 862 460 futura
880 407 1174 475 praedicere
1195 408 1383 469 sciunt,
1408 420 1501 459 nec
1520 406 1763 458 miracula
1782 413 2005 474 possunt
2022 406 2206 457 secere.

329 487 522 538 Verum
543 485 608 537 dc
627 484 798 537 hocin
820 486 1058 551 sequenti
1076 499 1134 536 ex
1154 484 1388 550 professo
1407 499 1553 551 agam
1566 485 1644 554 ²¹¹).
1716 485 1801 541 28.
1840 486 1930 537 IV.
1969 483 2208 548 Denique

327 560 566 615 videmus
593 576 750 629 quam
778 562 982 614 exitiaie
1006 564 1074 613 sit
1091 562 1283 629 populo
1300 600 1314 623 ‚
1353 564 1443 629 qui
1464 561 1566 614 snb
1586 561 1795 629 regibus
1816 576 1921 613 non
1940 560 2210 612 consuevit

328 639 511 702 vivere,
532 640 725 706 quique
742 640 846 692 iam
864 640 1004 705 leges
1023 640 1253 692 conditas
1276 638 1444 702 hahet,
1467 639 1796 691 monarcham
1815 638 2021 703 eligere.
2076 638 2207 689 Nam

330 730 427 767 nec
453 718 564 783 ipse
583 724 784 769 tantum
801 717 1076 783 imperium
1094 718 1371 780 sustinere,
1386 730 1481 768 nec
1497 718 1636 782 regia
1657 716 1931 769 auctoritas
1953 715 2211 780 patipost—

331 794 428 845 crit
461 793 602 859 leges
620 800 680 845 et
705 795 817 845 iura
844 793 1023 860 populi
1052 793 1118 847 ab
1147 794 1248 845 alio
1276 792 1490 845 minoris
1516 794 1831 845 auctoritatis
1856 792 2117 853 instituta,
2158 797 2211 841 et

330 869 494 921 multo
512 871 686 922 minus
703 871 934 923 animum
955 871 1200 923 inducere
1217 870 1284 921 ad
1304 870 1509 922 easdem
1528 869 1910 923 defendendum
1925 907 1938 930 ‚
1970 882 2211 936 praeser-

332 948 424 999 tim
444 948 565 1012 quia
582 948 636 997 in
656 948 722 999 iis
739 947 1073 1000 instituendis
1093 946 1234 999 nulla
1255 948 1383 999 ratio
1402 948 1563 1012 regie,
1598 947 1693 999 sed
1714 953 1913 997 tantum
1933 942 2111 1012 popuii
2133 944 2208 996 vei

331 1023 564 1087 concilii,
602 1024 694 1089 qui
727 1038 939 1090 regnum
978 1032 1148 1077 tenere
1185 1022 1425 1091 putabat,
1464 1022 1642 1076 haberi
1668 1025 1861 1090 potum
1901 1029 2054 1089 atque
2081 1021 2210 1073 adeo

331 1113 415 1153 rex
441 1102 556 1153 iura
576 1100 755 1168 popuii
773 1102 984 1167 antiqua
1005 1100 1335 1153 defendendo
1352 1103 1466 1154 eius
1485 1103 1659 1169 potius
1686 1113 1865 1152 servus
1878 1138 1892 1162 ‚
1936 1112 2092 1166 quam
2112 1100 2210 1150 do·-

330 1180 508 1229 minus
523 1176 801 1229 videretur.
871 1178 958 1233 29.
995 1178 1172 1230 Novus
1191 1192 1316 1244 ergo
1333 1177 1607 1230 monarcha
1625 1192 1833 1231 summo
1852 1176 2030 1228 studio
2049 1188 2208 1228 novas

330 1254 472 1320 leges
497 1261 722 1306 statuere
741 1253 1027 1320 conabitur,
1053 1261 1104 1307 et
1121 1255 1236 1307 iura
1254 1256 1461 1321 imperii
1481 1254 1537 1306 in
1558 1268 1715 1306 suum
1735 1268 1891 1305 usum
1911 1253 2206 1314 reformare,

333 1338 384 1383 et
411 1330 661 1398 populum
681 1346 740 1383 eo
761 1331 988 1398 redigere
1003 1370 1017 1393 ‚
1057 1338 1115 1382 ut
1130 1346 1237 1383 non
1255 1338 1358 1383 tam
1380 1331 1529 1383 facile
1549 1330 1755 1398 regibus
1776 1330 2073 1396 dignitatem
2094 1330 2212 1381 adi·-

334 1424 474 1462 mere
501 1410 690 1476 possit,
734 1423 890 1475 quam
913 1408 1052 1461 dare.
1125 1408 1211 1461 30.
1249 1409 1324 1460 At
1342 1408 1423 1459 hic
1442 1409 1716 1474 praeterire
1736 1421 2065 1473 nequaqnam
2085 1421 2212 1475 pos-

333 1500 476 1549 sum,
518 1500 618 1537 non
655 1487 830 1539 miuus
865 1486 1217 1553 periculosum
1253 1485 1409 1537 etiam
1446 1499 1588 1551 esse,
1628 1484 1958 1536 monarcham
1986 1498 2014 1537 e
2042 1485 2211 1535 medio

334 1564 536 1627 toliere,
573 1563 778 1616 tametsi
807 1562 1052 1615 omnibus
1083 1563 1251 1615 modis
1280 1569 1481 1615 constet
1516 1562 1740 1614 eundem
1770 1569 2044 1627 tyrannum
2072 1575 2208 1613 esse.

333 1644 461 1695 Nam
489 1640 714 1708 populus
742 1641 912 1705 regiae
939 1642 1230 1693 auctoritati
1260 1646 1503 1693 assuetus
1533 1653 1697 1706 eaque
1724 1638 1832 1690 sola
1861 1645 2090 1690 retentus
2112 1639 2213 1688 mi-

333 1733 512 1772 norem
549 1723 845 1771 contemnet
877 1723 928 1768 et
961 1716 1188 1770 ludibrio
1223 1715 1463 1779 habehim
1525 1730 1584 1768 ac
1619 1715 1865 1784 proindeg
1900 1717 1947 1767 si
1980 1729 2145 1767 unum
2182 1730 2213 1766 e

333 1797 504 1850 medio
521 1795 682 1859 tollat,
717 1807 927 1846 necesse
946 1795 1049 1862 ipsi
1069 1796 1189 1857 erit,
1231 1803 1289 1847 nt
1307 1795 1429 1846 oiim
1447 1794 1733 1861 prophetis,
1756 1793 1915 1845 alium
1939 1794 2050 1844 ioco
2068 1793 2212 1859 prio-

333 1877 406 1927 ris
423 1875 628 1940 eligere,
651 1871 864 1938 quinon
883 1879 1082 1939 sponte,
1105 1871 1198 1924 sed
1215 1872 1509 1924 necessario
1531 1878 1777 1937 tyrannus
1792 1871 1908 1922 erit.
1964 1871 2051 1922 31.
2080 1871 2211 1922 Nam

336 1967 437 2018 qua
466 1951 662 2003 ratione
686 1947 857 2001 videre
885 1948 1073 2016 poterit
1099 1949 1290 2000 civium
1316 1960 1504 2000 manus
1539 1947 1693 1998 caede
1728 1948 1865 2012 regie
1900 1953 2209 2007 cruentatae,

334 2042 528 2094 eosque
546 2025 847 2094 parricidio,
871 2032 1132 2090 tamquam
1154 2039 1208 2077 re
1225 2024 1359 2077 bene
1379 2031 1546 2090 gesta,
1568 2022 1799 2090 gloriari,
1823 2023 1963 2089 quod
1982 2037 2085 2074 non
2110 2025 2213 2076 nisi

335 2105 397 2157 ed
437 2104 728 2171 exemplu-m
759 2103 812 2153 in
841 2103 1015 2169 ipsum
1045 2101 1215 2154 solum
1243 2101 1579 2154 statuendum
1616 2096 2023 2152 commiserunt?
2056 2101 2209 2162 Sene,

335 2185 378 2234 si
397 2197 481 2234 rex
501 2195 618 2233 esse
634 2180 771 2242 vult,
803 2193 898 2231 nec
914 2179 1170 2245 populum
1191 2193 1371 2245 regum
1398 2177 1625 2230 iudicem
1655 2191 1917 2242 suumque
1945 2175 2213 2228 dominum

336 2273 612 2326 agnoscere
625 2296 640 2320 ‚
679 2269 774 2309 nec
791 2258 1019 2323 precario
1036 2269 1276 2322 regnare,
1315 2257 1505 2324 prioris
1524 2262 1743 2306 mortem
1764 2253 2021 2306 vindicare
2042 2251 2211 2316 debet,

337 2346 388 2388 et
414 2343 588 2388 contra
609 2335 691 2386 sui
711 2347 866 2386 causa
885 2333 1172 2400 exemplum
1193 2340 1418 2385 statuere
1433 2372 1447 2394 ,
1481 2347 1545 2384 ne
1565 2331 1789 2400 populns
1809 2331 1995 2383 iterum
2014 2331 2113 2384 tale
2132 2331 2215 2382 fa-

338 2415 490 2466 cinus
529 2413 849 2464 committere
887 2410 1091 2462 audeat.
1163 2411 1250 2464 32.
1288 2411 1359 2462 At
1396 2416 1613 2461 mortem
1642 2409 1844 2477 tyranni
1873 2409 2059 2461 civium
2090 2423 2215 2462 nece

335 2506 438 2542 non
473 2490 624 2541 facile
662 2486 921 2540 vindicare
961 2487 1172 2554 poterit,
1208 2488 1313 2540 nisi
1350 2487 1510 2538 simul
1537 2487 1771 2538 eiusdem
1801 2487 1989 2552 prioris
2017 2487 2217 2552 tyranni

336 2581 546 2620 cansam
565 2563 833 2627 defendat,
875 2564 1094 2628 eiusque
1112 2563 1244 2616 facta
1265 2563 1515 2632 approbet
1527 2602 1542 2625 ‚
1580 2571 1632 2616 et
1650 2570 2027 2630 consequenter
2044 2565 2216 2615 omnia

335 2645 518 2714 prioris
539 2644 739 2711 tyranni
759 2642 969 2707 vestigia
989 2649 1256 2707 sequatur.
1330 2643 1469 2694 Hinc
1485 2642 1640 2706 igitur
1656 2639 1848 2693 factum
1863 2680 1878 2703 ‚
1916 2648 1972 2692 ut
1989 2639 2215 2706 populus

341 2736 495 2789 saepe
516 2719 730 2786 quidem
751 2726 1024 2786 tyrannum
1045 2725 1270 2784 mutare,
1312 2726 1365 2772 at
1383 2733 1668 2784 numquam
1688 2717 1863 2770 tollere
1877 2756 1892 2780 ,
1932 2730 2027 2767 nec
2046 2718 2217 2782 impe-

337 2802 469 2850 rium
514 2797 899 2850 monarchicum
944 2797 999 2847 in
1045 2795 1185 2848 aliud
1230 2795 1443 2848 alterius
1488 2795 1683 2847 formae
1728 2800 1927 2844 mutare
1970 2792 2211 2857 potuerit.

335 2877 422 2928 33.
461 2875 633 2926 Huius
669 2874 742 2926 rei
779 2872 930 2925 fatale
966 2872 1256 2938 exemplum
1296 2873 1522 2940 popuius
1554 2871 1875 2936 Anglicanns
1913 2866 2084 2929 dedit,
2123 2868 2214 2933 qui

337 2949 818 3016 causas'quaesivit‚
851 2948 1043 3016 quibus
1061 2950 1234 3018 specie
1255 2951 1385 3002 iuris
1406 2947 1734 3001 monarcham
1754 2960 1783 2997 e
1802 2942 1972 2996 medio
1992 2943 2213 2997 tolleret.

439 3123 478 3173 ⁸)
505 3120 606 3165 Vid.
629 3130 734 3175 cap.
756 3119 822 3163 1⁹.
