2548 3485
1162 186 1298 233 car.
1353 185 1445 232 ix.
1754 139 1759 146 ⁶
2124 181 2244 241 149

361 366 460 418 alia
482 365 768 428 natavisse,
808 377 942 436 quae
960 363 1448 432 impraesentiarum
1469 361 1892 432 non-occurrunt.
1966 363 2051 414 37.
2093 364 2244 427 Quod

360 450 539 498 autem
568 449 720 494 notae
748 441 1087 507 marginales,
1126 455 1259 508 quae
1286 441 1342 492 in
1361 439 1618 494 Hebraeis
1647 439 1917 510 codicibus
1945 441 2139 508 passim
2159 441 2246 492 in-

364 521 658 581 veniuntur,
699 517 887 571 dubiae
908 518 1105 570 fuerint
1125 519 1406 577 lectiones,
1445 533 1598 569 nemo
1619 519 1776 570 etiam
1794 516 2030 571 dubitare
2050 525 2242 585 potest,

363 599 454 663 qui
492 596 739 656 attendit,
778 593 919 660 quod
962 595 1240 662 pleraeque
1269 609 1327 647 ex
1356 610 1541 660 magna
1577 597 1840 650 literarum
1870 594 2244 652 Hebraicarum

362 673 706 728 similitudine
743 673 877 723 inter
912 686 969 723 se
1006 680 1147 725 ortae
1182 673 1324 724 sint:
1382 687 1569 740 nempe
1606 687 1664 725 ex
1699 673 2046 725 similitudine
2083 687 2244 741 quam

363 761 516 813 habet
531 767 572 822 2
591 759 701 811 Kal*
714 772 833 809 cum
852 766 894 820 2
916 759 1039 822 Bet,
1078 766 1098 807 ν
1116 758 1215 810 Jod
1239 771 1358 810 cum
1377 766 1396 820 Ἰ
1415 761 1548 822 Vau,
1588 765 1630 822 Ἶ
1649 759 1801 812 Dalet
1819 774 1937 813 cum
1959 766 2000 821 Ἶ
2020 760 2126 812 Res
2141 767 2240 813 etc.

360 849 421 899 E.
446 862 497 913 g.
519 845 611 898 ubi
632 845 727 897 lib.
748 845 801 899 2.
824 845 969 899 Sam.
990 859 1105 914 cap.
1118 847 1181 898 -5.
1206 859 1255 897 v.
1281 846 1482 914 penult.
1505 846 1776 899 scribitur:
1833 847 1984 899 Etin
2001 862 2061 897 eo
2085 849 2244 907 (tem-

361 933 525 1002 pore)
554 947 659 999 quo
689 929 1232 1000 audae21),habetur
1260 933 1316 984 in
1345 933 1577 999 margine
1613 939 1845 1008 wmv:
1881 949 2002 985 cum
2037 933 2241 996 audies,

363 1044 540 1103 etcap
561 1035 649 1089 21.
669 1031 785 1084 lud.
806 1048 855 1085 v.
876 1035 963 1088 22.
991 1011 1146 1097 :in
1175 1038 1413 1126 unam}
1442 1037 1512 1099 ts
1540 1038 1768 1124 εις-ηεξ,
1804 1034 2064 1126 maj-³:3¹
2089 1039 2238 1130 rign

361 1136 416 1182 et
434 1128 653 1197 quando
680 1141 862 1179 eorum
879 1133 1065 1196 patrer
1090 1129 1175 1179 vel
1189 1130 1406 1196 fratres
1433 1131 1488 1179 in
1511 1129 1848 1180 multitudine
1885 1130 1966 1197 (h.
1990 1147 2036 1183 e.
2061 1133 2242 1199 saepe)

361 1211 434 1262 ad
456 1227 551 1262 nor
577 1210 815 1261 venerint
840 1213 973 1268 etc.,
1013 1204 1235 1258 habetur
1264 1207 1318 1257 in
1348 1207 1576 1272 margine
1604 1205 1678 1257 ad
1701 1206 2106 1274 litigandum2).
2177 1209 2243 1259 Et

362 1289 426 1341 ad
457 1289 593 1340 hunc
621 1287 831 1338 modum
861 1283 1167 1351 permultae.
1240 1283 1328 1334 38.
1365 1283 1566 1334 Deinde
1587 1285 1742 1335 etiam
1764 1292 1902 1336 ortae
1921 1292 2046 1337 sunt
2065 1299 2122 1337 ex
2140 1299 2242 1337 usu

361 1366 655 1428 literarum,
698 1377 827 1429 quas
857 1361 1183 1428 quiescentes
1212 1367 1418 1422 vocant,
1461 1374 1682 1426 quarum
1719 1362 1968 1414 nimirum
2007 1377 2244 1430 pronun-

362 1443 511 1495 ciatio
542 1441 849 1508 saepissime
884 1437 1025 1490 nulla
1053 1437 1280 1490 sentitur
1309 1444 1361 1490 et
1386 1439 1682 1506 promiscue
1713 1452 1817 1491 una
1837 1454 1932 1507 pro
1950 1439 2052 1491 alia
2071 1443 2240 1492 sumi-

362 1543 462 1588 tur.
534 1537 627 1588 Ex.
649 1550 726 1601 gr.
758 1535 923 1586 Levit.
954 1546 1069 1601 cap.
1090 1532 1175 1587 25.
1210 1547 1255 1584 v.
1280 1533 1365 1585 30.
1398 1531 1671 1585 scribitur.
1711 1530 1874 1595 Ἶωκ
1906 1537 2082 1598 mnf-1
2117 1541 2237 1628 up}

359 1629 511 1703 ΠΒῙἹ
546 1617 833 1700 Ν5·Ἷωκ
874 1641 1029 1725 Ἶψὲ
1060 1641 1115 1686 et
1139 1637 1544 1703 confirmabitur
1571 1635 1756 1688 domur
1785 1653 1924 1704 quaa
1958 1643 2040 1690 ert
2069 1641 2126 1690 in
2161 1642 2242 1690 ci—

361 1746 525 1793 vitate
552 1744 643 1793 cui
667 1756 772 1793 non
801 1745 883 1791 est
902 1756 1117 1804 mur-un
1154 1739 1209 1790 in
1246 1739 1480 1806 margine
1517 1748 1691 1793 autem
1727 1738 1949 1794 habetur
1981 1718 2042 1803 '1‘7
2088 1744 2241 1804 Ἶψκ

359 1849 506 1907 nnn
557 1847 648 1896 em·
664 1849 746 1895 ert
757 1860 941 1895 murus
960 1850 1057 1894 etc.
1132 1843 1217 1895 39.
1256 1842 1328 1895 At
1347 1843 1584 1909 quamvis
1605 1844 1730 1896 haec
1748 1860 1840 1911 per
1865 1860 1923 1897 se
1951 1846 2079 1898 satis
2105 1846 2242 1899 clara

359 1933 466 1983 sint
489 1968 503 1991 ,
560 1930 687 1984 libet
739 1929 1029 1981 rationibus
1074 1928 1404 1995 quorundam
1452 1929 1850 1982 Pharisaeorum
1904 1930 2236 1996 respondere,

358 2007 554 2074 quibus
576 2006 894 2076 persuadete
914 2014 1167 2059 conantur
1181 2044 1195 2066 ,
1236 2013 1384 2059 notas
1405 2007 1712 2071 marginales
1732 2006 1798 2058 ad
1815 2007 2026 2074 aliquod
2048 2016 2240 2075 myste-

356 2086 495 2135 rium
524 2083 927 2151 significaudum
958 2084 1022 2135 ab
1051 2084 1179 2149 ipsis
1207 2081 1464 2134 librorum
1493 2097 1762 2135 sacrorum
1781 2084 2120 2152 scriptoribus
2137 2100 2237 2155 ap-

357 2164 555 2230 positas
581 2162 659 2212 vel
690 2160 943 2213 indicatas
972 2160 1153 2212 fuisse.
1226 2162 1422 2211 Harum
1453 2160 1700 2226 primam,
1741 2174 1874 2227 quae
1910 2163 2122 2227 quidem
2155 2178 2268 2215 me·

356 2253 539 2304 parum
559 2238 751 2303 tangit,
790 2245 1007 2289 sumunt
1026 2252 1085 2288 ex
1106 2250 1208 2289 usu
1228 2236 1435 2301 legendi
1456 2238 1768 2303 Scripturas.
1840 2238 1930 2299 si,
1969 2240 2234 2305 inquiunt,

358 2314 452 2366 bae
497 2321 647 2365 notae
694 2315 961 2381 appositae
996 2321 1122 2366 sunt
1158 2322 1370 2381 propter
1403 2313 1680 2365 lectionum
1718 2315 2009 2367 varietatem
2031 2355 2046 2376 ‚
2105 2331 2236 2382 quas

358 2393 547 2457 posteri
570 2391 807 2443 decidere
827 2406 929 2442 non
952 2398 1251 2457 potuerunt,
1297 2406 1386 2442 cur
1405 2406 1522 2457 ergo
1545 2406 1675 2443 usus
1694 2392 1931 2456 invaluit,
1975 2400 2031 2444 ut
2047 2408 2236 2448 sensus

360 2468 655 2534 marginalis
675 2466 872 2533 ubique
897 2465 1210 2520 retineatur?
1281 2468 1400 2533 Cur,
1424 2470 1686 2535 inquiunt,
1711 2484 1943 2534 sensum,
1969 2486 2124 2538 quem
2146 2488 2236 2523 re-

362 2546 519 2609 tinere
548 2544 809 2608 volebant,
849 2546 900 2596 in
931 2546 1159 2610 margine
1190 2542 1528 2597 notaverunt?
1596 2546 1892 2599 Debuerant
1920 2556 2095 2601 contra
2124 2551 2236 2615 ipsa

359 2622 617 2674 volumina
652 2622 904 2685 scribere,
944 2629 1098 2689 prout
1134 2622 1232 2687 legi
1267 2621 1535 2688 volebant,
1583 2638 1685 2675 non
1725 2633 1897 2678 autem
1933 2640 2148 2679 sensum
2185 2634 2236 2678 et

359 2694 641 2763 lectionem,
677 2714 835 2766 quam
853 2700 1070 2755 maxime
1089 2697 1394 2765 probabant,
1426 2700 1480 2751 in
1501 2703 1726 2767 margine
1746 2709 1941 2755 notare.
2013 2705 2100 2755 40.
2137 2702 2236 2753 Se-

358 2776 524 2829 cunda
561 2791 675 2829 vero
705 2778 835 2830 ratio
864 2785 914 2828 et
940 2792 1070 2845 quae
1098 2777 1323 2843 aliquam
1355 2780 1581 2847 speciem
1611 2794 1732 2847 prae
1759 2794 1816 2831 se
1845 2778 1977 2832 ferre
2013 2778 2230 2843 videtur,

458 3009 501 3060 ¹)
542 2994 783 3093 795²?ss
814 3003 939 3083 ’ΠἾ

455 3128 502 3179 2)
544 3102 697 3183 ,π’-ιθ
