2548 3485
1131 142 1272 190 car.
1324 103 1411 192 ιτ).
1646 107 1655 114 ’
2132 138 2215 198 67

323 321 468 388 leges
497 320 798 373 hominibus
827 319 1293 388 praescribentem3
1330 323 1400 372 Π.
1433 321 1558 388 quid
1586 334 1730 372 sacra
1760 321 2011 388 scriptura
2040 320 2105 372 de
2132 321 2218 374 lu·-

325 401 465 461 mine
485 405 536 450 et
555 397 666 464 lege
684 397 780 450 hac
799 398 1017 454 naturali
1037 399 1241 458 doceat3
1303 400 1397 449 ΙΙΙ.
1438 413 1593 464 quem
1623 397 1687 450 ad
1716 397 1873 450 finem
1900 397 2218 450 ceremoniae

325 477 450 528 olim
481 476 749 527 institutae
777 474 1002 535 fuerint;
1057 475 1148 526 IV.
1187 475 1410 540 denique
1432 475 1557 541 quid
1586 475 1768 527 referat
1786 489 1959 528 sacras
1979 475 2218 528 historias

325 555 457 604 scire
475 559 528 604 et
547 554 623 604 eis
642 551 870 604 credere.
943 552 1022 607 De
1051 553 1236 618 primis
1265 551 1473 613 duobus
1492 556 1550 604 in
1568 553 1665 604 hoe
1684 556 1857 622 capi-te
1868 572 1891 618 ,·
1924 552 1996 604 de
2012 552 2218 604 duobus

325 637 500 682 autem
519 631 719 681 ultimis
737 631 1062 695 insequente
1077 643 1245 694 agam.
1319 631 1407 684 23.
1430 629 1570 699 Quid
1590 632 1719 681 circa
1732 633 1969 698 primum
1988 637 2219 681 statuen-

325 709 452 759 dum
483 709 576 770 sit,
618 706 767 768 facile
787 705 1060 764 deducitur
1078 721 1138 756 ex
1153 713 1336 758 natura
1356 705 1635 758 voluntatis
1651 708 1746 758 Dei
1764 747 1777 770 ,
1818 721 1951 776 quae
1968 721 1997 757 a
2016 708 2110 758 Dei
2130 707 2219 757 in-

326 785 532 835 tellectu
563 799 670 834 non
701 784 804 834 nisi
833 789 1072 849 respectu
1099 789 1306 834 nostrae
1334 785 1546 834 rationis
1582 784 1945 850 distinguitur,
1985 785 2081 834 hoc
2118 790 2217 845 est,

325 863 422 912 Dei
449 862 686 913 voluntas
714 868 768 913 et
794 861 892 912 Dei
920 853 1212 911 intellectus
1239 861 1296 911 in
1325 874 1383 911 se
1410 873 1583 912 revera
1610 875 1773 912 unum
1802 869 1856 913 et-
1887 861 2026 914 idem
2065 867 2217 920 sunt;

327 954 424 991 nec
457 938 878 1004 distinguuntur,
919 938 1023 989 nisi
1058 943 1299 1002 respectu
1330 942 1623 1000 nostrarum
1651 939 2047 1004 cogitationum,
2090 952 2220 1004 quas

327 1017 391 1068 de
417 1017 516 1068 Dei
541 1014 804 1066 intellectu
833 1013 1144 1066 formamus.
1213 1015 1303 1066 24.
1342 1014 1577 1082 Exempii
1604 1017 1790 1082 gratia,
1832 1031 2003 1082 quum·
2031 1015 2094 1066 ad
2122 1015 2223 1066 hoc

328 1102 527 1145 tantum
563 1091 912 1152 attendimus,
963 1091 1104 1157 quod
1141 1097 1327 1142 natura
1364 1091 1613 1158 trianguli
1638 1093 1696 1144 in
1732 1099 1913 1144 natura
1950 1093 2118 1146 div-ina
2154 1091 2219 1143 ab

327 1178 536 1222 aeterno
555 1171 847 1220 continetur
867 1162 1114 1239 tanquam
1135 1175 1341 1222 aeterna
1360 1169 1573 1232 veritas,
1612 1175 1725 1222 tum
1756 1171 2009 1230 dicimnS‚
2030 1173 2221 1222 Deum

327 1247 571 1312 trianguli
616 1245 787 1297 ideam
837 1244 1025 1296 habere
1063 1247 1170 1298 sive
1209 1253 1444 1298 naturam
1482 1247 1725 1314 trianguli
1761 1247 2069 1312 intelligere;
2127 1247 2221 1297 sed

329 1339 494 1390 quum
514 1329 695 1389 postea
713 1323 776 1374 ad
798 1323 895 1374 hoe
913 1323 1264 1387 attendimus,
1307 1323 1447 1390 quod
1476 1331 1655 1376 natura
1684 1323 1923 1390 trianguli
1952 1325 2099 1374 sicin
2120 1337 2222 1374 na-

328 1410 442 1452 tura
463 1401 633 1452 divina
653 1401 946 1452 continetur
967 1414 1029 1450 ex
1061 1401 1172 1452 sola
1199 1403 1504 1453 necessitate
1526 1402 1729 1454 divinae
1754 1409 1967 1452 naturae
1980 1439 1995 1462 ‚
2033 1407 2087 1450 et
2108 1415 2219 1450 non

329 1494 388 1530 ex
407 1479 712 1530 necessitate
731 1479 986 1528 essentiae
1005 1485 1056 1528 et
1075 1485 1288 1530 naturae
1307 1479 1566 1544 trianguli,
1604 1478 1729 1542 imo,
1770 1477 1911 1544 quod
1928 1478 2221 1528 necessitas

331 1557 590 1608 essentiae
616 1562 666 1607 et
693 1554 1065 1620 proprietatum
1097 1554 1366 1622 trianguli,
1407 1564 1665 1622 quatenus
1701 1556 1855 1608 etiam
1890 1561 1951 1606 ut
1986 1562 2222 1606 aeternae

327 1634 564 1686 veritates
593 1633 984 1696 concipiuntur,
1021 1647 1052 1684 a
1089 1632 1199 1684 sola
1236 1635 1544 1686 necessitate
1580 1633 1783 1685 divinae
1818 1639 2031 1684 naturae
2066 1632 2231 1690 intel-

328 1711 497 1763 lectus
522 1709 769 1776 pendeat,
811 1717 864 1761 et
889 1724 994 1761 non
1025 1724 1083 1761 ex
1111 1717 1291 1763 natura
1324 1711 1590 1779 trianguli,
1632 1719 1741 1763 tum
1762 1710 1817 1762 id
1835 1710 2041 1778 ipsum,
2082 1708 2222 1775 quod

332 1790 430 1841 Dei
451 1788 770 1839 intellectum
789 1788 1113 1851 vocavimus,
1135 1790 1231 1839 Dei
1252 1789 1566 1841 voluntatem
1587 1794 1693 1840 sive
1712 1790 1974 1841 decretum
1995 1780 2226 1855 appella-

327 1880 468 1927 mus.
503 1902 511 1910 .
541 1867 630 1917 25.
669 1865 842 1927 Quare
863 1872 1102 1931 respectu
1122 1868 1216 1917 Dei
1237 1881 1402 1917 unum
1434 1874 1485 1917 et
1509 1866 1646 1917 idem
1678 1866 2021 1928 affirmamus,
2060 1879 2225 1931 quum

330 1944 585 2003 dicimuS,
621 1942 791 1991 Deum
820 1941 887 1991 ab
913 1949 1118 1993 aeterno
1155 1944 1445 1995 decrevisse
1484 1951 1537 1993 et
1570 1944 1825 2009 volu-isse,
1864 1952 1971 1995 tres
2006 1941 2223 2009 angulos

329 2019 572 2085 trianguli
603 2018 843 2083 aequales
876 2033 990 2070 esse
1019 2018 1228 2071 duobus
1247 2020 1429 2082 rectis,
1474 2020 1550 2071 vel
1570 2024 1738 2073 Deum
1760 2020 2049 2086 hocjpsum
2068 2020 2225 2070 intel·
2278 2084 2285 2091 Ι

328 2098 536 2149 lexisse.
607 2096 756 2146 Unde
777 2098 1040 2161 sequitur,
1071 2098 1166 2147 Dei
1189 2096 1555 2149 affirmationes
1577 2104 1628 2147 et
1647 2099 1943 2163 negationes
1962 2103 2223 2148 aeternam

328 2188 536 2241 semper
573 2174 937 2225 necessi-tatem
976 2174 1084 2223 sive
1120 2174 1386 2247 veritatem
1424 2175 1699 2226 involvere.
1791 2174 1877 2229 26.
1935 2176 1989 2225 Si
2028 2175 2221 2238 itaque,

332 2251 550 2319 exempli
587 2252 775 2317 gratia,
827 2255 970 2303 Deus
1008 2249 1214 2301 Adamo
1249 2251 1471 2319 dixit*),
1523 2266 1581 2303 se
1618 2252 1785 2313 nolle,
1844 2255 1905 2303 ut
1942 2254 2003 2303 de
2042 2250 2241 2303 arbore·

329 2329 640 2395 cognitionis
666 2325 795 2380 honi
825 2334 878 2379 et
908 2326 1030 2377 mali
1069 2328 1387 2392 comederet,
1428 2330 1882 2381 contradictionem
1920 2330 2221 2395 implicaret,

331 2405 593 2458 Adamum
636 2405 702 2458 de
738 2405 823 2457 illa
861 2402 1042 2456 arbore
1077 2418 1234 2470 posse
1273 2406 1572 2470 comedere,
1630 2408 1863 2471 adeoque
1900 2406 2257 2473 impossihile⁸

330 2483 484 2542 foret,
544 2489 602 2533 ut
630 2482 871 2534 Adamas
920 2480 986 2533 de
1031 2493 1088 2540 ea
1127 2482 1452 2545 comederem
1510 2474 1629 2535 nam
1681 2482 1911 2536 divinum
1956 2482 2086 2535 illud
2132 2483 2227 2536 de-

331 2566 528 2611 cretum
563 2566 822 2611 aeternam
860 2558 1220 2610 necessitatem
1259 2572 1309 2611 et
1344 2564 1605 2618 veritatem
1644 2560 1915 2613 debuisset
1950 2561 2222 2617 involvere.

329 2638 528 2689 Verum
553 2637 800 2703 quonia-m
827 2637 1089 2703 Scriptura
1117 2642 1287 2689 tamen
1327 2647 1521 2703 narrat,
1561 2642 1728 2691 Deum
1754 2639 1806 2690 id
1838 2638 2041 2691 Adamo
2070 2652 2227 2704 prae-

329 2716 564 2782 cepisse,
576 2741 584 2749 ·
621 2716 672 2780 et
707 2714 868 2765 nihilo
906 2715 1082 2765 minus
1122 2714 1385 2767 Adamum
1423 2716 1486 2769 de
1524 2717 1701 2769 eadem
1743 2718 2069 2784 comedisse,
2128 2728 2225 2764 ne·-

235 2857 242 2864 ·
329 2792 558 2843 cessario
595 2790 873 2843 dicendum
905 2798 1030 2849 est,
1089 2794 1257 2844 Deum
1292 2792 1502 2845 Adamo
1538 2795 1733 2846 malum
1783 2800 1981 2845 tantum
2025 2752 2224 2842 revela-

328 2870 494 2932 visse,
537 2868 678 2933 quod
705 2882 826 2919 eum
855 2870 1148 2921 necessario
1177 2879 1511 2938 sequeretur,
1553 2873 1598 2923 si
1636 2871 1701 2923 de
1738 2870 1827 2922 illa
1862 2868 2041 2927 arbore
2078 2882 2225 2919 com-

342 3161 351 3170 ,
433 3114 474 3167 ⁸)
510 3075 853 3186 Genesraessg
1724 3184 1795 3232 5*
