2548 3485
1142 165 1282 212 car.
1335 165 1428 210 rx.
2083 145 2227 215 '147

250 353 258 359 ·
345 352 563 414 possent
588 344 857 400 ostendere
885 345 1141 398 intentum
1168 343 1392 396 auctoris
1411 341 1664 396 librorum
1679 341 1903 408 Paralip.
1924 340 2022 394 hoc
2041 340 2224 402 fnisse,

346 438 451 474 non
472 421 813 476 dubitaverim
833 421 1102 483 affirmare,
1142 420 1370 474 eundem
1386 419 1532 486 loqui
1553 419 1852 471 nescivisse.
1921 417 1988 470 Et
2006 418 2072 469 ad
2089 417 2228 469 bunc

347 499 561 550 modum
582 498 731 566 plura
749 497 851 551 alia
870 498 1100 564 fingunt,
1140 512 1276 563 quae
1293 499 1338 550 si
1361 512 1478 549 vera
1500 504 1702 558 essent,
1741 495 1978 548 absolute
1998 495 2228 547 dicerem

346 577 587 642 antiquos
616 574 883 628 Hebraeos
922 583 972 626 et
1008 575 1239 640 linguam
1268 589 1416 626 suam
1445 581 1498 626 et
1525 573 1769 628 narrandi
1806 573 2042 626 ordinem
2075 573 2229 639 plane

346 654 687 720 ignoravisse,
731 666 823 704 nec
852 652 1011 704 ullam
1034 654 1284 704 rationem
1304 667 1475 717 neque
1496 666 1730 702 normam
1751 651 2046 717 Scripturas
2063 651 2228 702 inter-

348 729 583 797 pretandi
610 743 943 794 agnoscerem
975 736 1025 779 et
1052 729 1117 780 ad
1148 729 1354 780 libitum
1375 729 1550 781 omnia
1571 727 1762 795 fingere
1781 729 1974 780 liceret.
2047 726 2132 779 30.
2173 728 2229 778 Si

350 807 469 872 quis
496 814 669 858 tamen
698 813 869 873 putat,
912 820 995 856 me
1024 805 1106 857 hic
1135 806 1294 857 nimis
1320 805 1626 872 generaliter
1643 821 1738 858 nec
1756 807 1880 858 satis
1897 819 2018 856 cum
2036 803 2230 856 funda-

348 888 521 936 mento
547 882 721 948 loqui,
764 884 937 948 ipsum
971 897 1120 948 rogo,
1162 890 1221 934 ut
1248 882 1348 934 hoc
1373 889 1490 948 agat
1514 889 1565 934 et
1592 882 1746 934 nobis
1774 881 2014 934 ostendat
2031 889 2229 934 certum

348 961 575 1026 aliquem
595 959 834 1011 ordinem
854 959 907 1010 in
928 959 1069 1012 hisce
1090 960 1352 1026 historiis,
1391 974 1548 1025 quem
1569 959 1798 1012 historici
1820 961 1871 1011 in
1894 959 2227 1025 chronologi-

348 1038 423 1088 cis
441 1038 554 1088 sine
573 1044 781 1103 peccato
802 1036 997 1088 imitari
1018 1043 1261 1103 possent,
1304 1045 1354 1088 et
1371 1037 1496 1088 dum
1527 1037 1774 1089 historias
1792 1037 2161 1104 interpretatur
2179 1043 2232 1088 et

348 1113 621 1166 conciliare
641 1119 885 1174 conatur,
928 1113 1143 1179 phrases
1162 1121 1211 1164 et
1230 1113 1415 1166 modos
1434 1114 1681 1180 loquendi
1703 1120 1753 1165 et
1769 1115 2029 1166 orationes
2049 1113 2232 1180 dispo-

349 1190 508 1243 nendi
540 1197 594 1242 et
621 1189 925 1243 contexendi
952 1190 1081 1243 adeo
1108 1192 1288 1242 stricte
1315 1190 1582 1252 observet,
1619 1199 1775 1256 atque
1805 1191 1874 1242 ita
1893 1191 2133 1256 explicet,
2173 1198 2232 1242 ut

348 1281 439 1319 eos
458 1267 750 1320 seeundum
768 1282 919 1320 suam
938 1269 1333 1335 explicationem
1353 1271 1405 1320 in
1424 1266 1700 1320 scribendo
1718 1268 1909 1319 imitari
1929 1269 2083 1320 etiam
2102 1283 2233 1335 pos-

350 1346 519 1396 simus
530 1344 613 1412 *):
653 1344 793 1412 quod
812 1345 858 1396 si
880 1346 1215 1411 praestiterit,
1239 1359 1428 1398 manus
1448 1345 1549 1410 ipsi
1569 1346 1742 1396 statim
1766 1343 1902 1397 dabo
1923 1351 1974 1394 et
1991 1347 2086 1396 erit
2103 1346 2233 1397 mihi

349 1435 569 1486 magnus
586 1421 797 1490 Apollo.
872 1421 959 1473 31.
995 1423 1129 1474 Nam
1151 1423 1338 1484 fateor,
1379 1423 1619 1488 quamvis
1635 1421 1728 1472 diu
1748 1421 2108 1486 quaesiverim,
2147 1437 2234 1473 me

350 1498 479 1550 nibil
500 1505 673 1551 tamen
694 1511 925 1564 unquam
944 1500 1118 1552 simile
1137 1501 1368 1552 invenire
1381 1499 1645 1566 potuisse.
1684 1499 1826 1561 Quin
1847 1497 1980 1549 addo
1999 1513 2084 1550 me
2103 1498 2236 1550 nibil

348 1574 433 1626 hic
460 1575 714 1639 scribere,
757 1576 901 1643 quod
930 1591 1034 1628 non
1069 1576 1269 1630 dudum
1303 1583 1354 1628 et
1383 1576 1475 1627 diu
1505 1574 1814 1628 meditatum
1840 1574 2144 1638 habuerim,
2185 1583 2238 1627 et

348 1667 645 1718 quanquam
676 1669 707 1704 a
735 1653 959 1719 pueritia
988 1653 1326 1722 opinionibus
1354 1652 1419 1704 de
1446 1653 1710 1720 Scriptura
1743 1652 2112 1704 communibus
2131 1654 2235 1727 im.-

348 1729 511 1783 butus
528 1729 737 1795 fuerim,
777 1745 881 1781 non
904 1737 1077 1785 tamen
1098 1732 1242 1799 potui
1264 1729 1473 1784 tandem
1493 1730 1620 1784 haec
1639 1746 1743 1783 non
1764 1731 2055 1783 admittere.
2129 1731 2232 1782 Sed

350 1823 453 1862 non
474 1814 580 1871 est,
619 1822 713 1862 cur
732 1812 869 1859 circa
887 1808 1013 1860 haec
1030 1810 1277 1863 lectorem
1297 1809 1388 1859 diu
1409 1808 1668 1861 detineam
1691 1816 1740 1859 et
1759 1809 1825 1862 ad
1846 1824 1954 1860 rem
1985 1808 2234 1874 despera-

350 1893 454 1935 tam
482 1899 783 1951 provocem3
824 1899 957 1953 opus
982 1894 1153 1938 tamen
1183 1886 1281 1939 suit
1309 1901 1416 1938 rem
1446 1887 1614 1951 ipsam
1633 1899 1950 1951 proponere,
1989 1893 2047 1937 ut
2067 1901 2233 1938 meam

349 1969 575 2013 mentem
609 1962 802 2014 clarius
830 1962 1155 2029 explicarem.
1230 1964 1318 2017 32.
1358 1962 1442 2016 Ad
1475 1962 1674 2027 reliqua
1704 1963 1888 2028 igitur,
1927 1978 2059 2030 quae
2096 1965 2231 2015 circa

350 2038 611 2091 fortunam
642 2038 827 2091 horum
856 2038 1109 2093 librorum
1140 2040 1366 2092 notanda
1405 2040 1640 2105 suscepi,
1679 2054 1856 2105 pergo.
1927 2042 2057 2093 Nam
2098 2042 2237 2091 venit

350 2123 551 2181 praeter
579 2129 667 2179 ea,
709 2130 840 2181 quae
872 2117 1025 2168 modo
1053 2116 1408 2178 ostendimuS,
1442 2115 1754 2178 notandum,
1794 2118 1932 2181 quod
1964 2117 2019 2169 hi
2040 2116 2156 2169 libri
2177 2131 2235 2168 ea

350 2191 619 2259 diligentia
639 2208 668 2243 a
688 2194 910 2258 posteris
929 2196 1115 2245 servati
1141 2209 1240 2244 non
1264 2194 1478 2255 fuerint,
1500 2200 1559 2244 ut
1578 2193 1750 2244 nullae
1772 2193 1989 2247 mendae
2010 2194 2236 2261 irrepse-

348 2270 476 2329 rint;
516 2269 695 2336 plures
724 2270 865 2321 enim
894 2268 1083 2321 dubias
1121 2270 1372 2322 lectiones
1407 2269 1878 2322 animadverterunt
1913 2272 2232 2337 antiquiores

348 2346 571 2408 scribae,
594 2354 645 2397 et
663 2354 922 2414 praeterea
945 2347 1144 2412 aliquot
1162 2347 1273 2399 loca
1294 2353 1543 2409 truncata,
1571 2361 1671 2397 non
1691 2355 1862 2399 tamen
1883 2348 2074 2401 omnia.
2147 2348 2231 2400 An

352 2431 521 2474 autem
551 2423 772 2477 mendae
803 2424 934 2475 tales
966 2432 1115 2475 notae
1148 2427 1282 2489 sint,
1321 2433 1380 2475 ut
1408 2424 1585 2476 lectori
1613 2440 1853 2491 magnam
1883 2440 2082 2477 moram
2110 2427 2232 2478 inii-

350 2501 516 2562 eiant‚
558 2500 622 2552 de
649 2515 711 2552 eo
739 2503 841 2551 iam
872 2516 973 2551 non
1006 2501 1241 2567 disputo;
1283 2502 1433 2553 credo
1453 2508 1626 2553 tamen
1648 2517 1734 2555 eas
1753 2502 1962 2555 levioris
1983 2518 2097 2555 esse
2119 2519 2234 2556 mo-

352 2579 538 2641 menti,
576 2578 644 2630 iis
670 2578 857 2629 saltem
886 2580 974 2644 qui
994 2579 1292 2645 Scripturas
1320 2578 1564 2632 liberiore
1594 2579 1790 2632 iudicio
1819 2582 2024 2647 legunt,
2063 2590 2114 2633 et
2133 2582 2231 2633 hoc

350 2662 489 2706 certo
508 2654 757 2707 affirmare
776 2669 1014 2722 possum,
1054 2670 1137 2707 me
1157 2655 1354 2707 nullam
1375 2656 1803 2709 animadvertisse
1823 2658 2067 2711 mendam
2080 2696 2094 2720 ,
2134 2674 2231 2709 nee

348 2732 627 2784 lectionum
648 2734 941 2783 varietatem
962 2734 1101 2785 circa
1123 2733 1333 2784 moralia
1354 2732 1685 2797 documenta,
1719 2749 1854 2799 quae
1876 2736 1988 2801 ipsa
2008 2733 2230 2786 obscura

346 2816 436 2860 aut
457 2806 615 2860 dubia
636 2808 850 2861 reddere
871 2817 1069 2877 posset.
1143 2809 1223 2861 33.
1242 2809 1316 2861 At
1336 2811 1574 2878 plerique
1596 2826 1690 2863 nec
1711 2812 1764 2861 in
1783 2811 1998 2876 reliquis
2017 2810 2230 2878 aquuod

345 2886 525 2938 vitium
548 2886 799 2939 incidisse
818 2884 1126 2949 concedunt,
1150 2886 1241 2940 sed
1262 2894 1516 2953 statuunt,
1537 2890 1708 2940 Deum
1728 2887 1978 2953 singulari
1998 2889 2230 2954 quadam

347 2962 671 3032 providentia
694 2954 898 3014 ‘omnia
949 2962 1121 3014 Biblia
1172 2966 1469 3031 incorrupta
1526 2978 1789 3025 servasse;
1846 2964 2011 3015 varias
2057 2973 2227 3019 autem

450 3134 488 3184 ⁶)
524 3130 649 3180 Alias
670 3130 935 3191 Scripturae
954 3132 1094 3181 verba
1114 3135 1352 3191 corrigunt
1370 3135 1524 3191 potius
1540 3166 1552 3189 ,
1573 3145 1714 3191 quam
1735 3133 1982 3253 Explicant.
2037 3131 2126 3189 Sp.

1703 3205 1728 3258 1
1780 3205 1806 3233 ’k
