<?xml version="1.0" encoding="UTF-8"?>
<!DOCTYPE html PUBLIC "-//W3C//DTD XHTML 1.0 Transitional//EN"
    "http://www.w3.org/TR/xhtml1/DTD/xhtml1-transitional.dtd">
<html xmlns="http://www.w3.org/1999/xhtml" xml:lang="en" lang="en">
 <head>
  <title>
</title>
<meta http-equiv="Content-Type" content="text/html;charset=utf-8" />
  <meta name='ocr-system' content='tesseract 3.04.00' />
  <meta name='ocr-capabilities' content='ocr_page ocr_carea ocr_par ocr_line ocrx_word'/>
</head>
<body>
  <div class='ocr_page' id='page_1' title='image "benedictidespin05brudgoog_0136.png"; bbox 0 0 2548 3485; ppageno 0'>
   <div class='ocr_carea' id='block_1_1' title="bbox 362 152 1844 214">
    <p class='ocr_par' dir='ltr' id='par_1_1' title="bbox 362 152 1844 214">
     <span class='ocr_line' id='line_1_1' title="bbox 362 152 1844 214; baseline -0.009 -2"><span class='ocrx_word' id='word_1_1' title='bbox 362 152 481 212; x_wconf 82' lang='lat'><strong>112</strong></span> <span class='ocrx_word' id='word_1_2' title='bbox 760 157 1149 202; x_wconf 72' lang='lat' dir='ltr'><strong>‘rnacm&#39;rus</strong></span> <span class='ocrx_word' id='word_1_3' title='bbox 1188 155 1844 214; x_wconf 64' lang='lat' dir='ltr'><strong>Tneonootco-Pom‘r.</strong></span> 
     </span>
    </p>
   </div>
   <div class='ocr_carea' id='block_1_2' title="bbox 339 331 2242 3029">
    <p class='ocr_par' dir='ltr' id='par_1_2' title="bbox 339 331 2242 3029">
     <span class='ocr_line' id='line_1_2' title="bbox 358 331 2238 402; baseline -0.002 -16"><span class='ocrx_word' id='word_1_4' title='bbox 358 333 482 386; x_wconf 86' lang='lat' dir='ltr'><strong>nihil</strong></span> <span class='ocrx_word' id='word_1_5' title='bbox 502 333 653 386; x_wconf 84' lang='lat' dir='ltr'><strong>etiam</strong></span> <span class='ocrx_word' id='word_1_6' title='bbox 676 336 798 388; x_wconf 89' lang='lat' dir='ltr'><strong>certi</strong></span> <span class='ocrx_word' id='word_1_7' title='bbox 818 349 975 402; x_wconf 89' lang='lat' dir='ltr'><strong>super</strong></span> <span class='ocrx_word' id='word_1_8' title='bbox 992 335 1072 387; x_wconf 86' lang='lat' dir='ltr'><strong>his</strong></span> <span class='ocrx_word' id='word_1_9' title='bbox 1095 334 1310 387; x_wconf 77' lang='lat' dir='ltr'><strong>fundare</strong></span> <span class='ocrx_word' id='word_1_10' title='bbox 1330 349 1638 402; x_wconf 72' lang='lat' dir='ltr'><strong>possumus:</strong></span> <span class='ocrx_word' id='word_1_11' title='bbox 1679 333 1810 385; x_wconf 84' lang='lat' dir='ltr'><strong>hanc</strong></span> <span class='ocrx_word' id='word_1_12' title='bbox 1829 333 1964 384; x_wconf 87' lang='lat' dir='ltr'><strong>enim</strong></span> <span class='ocrx_word' id='word_1_13' title='bbox 1985 331 2238 397; x_wconf 79' lang='lat' dir='ltr'><strong>antiquis—</strong></span> 
     </span>
     <span class='ocr_line' id='line_1_3' title="bbox 356 408 2238 479; baseline -0.002 -17"><span class='ocrx_word' id='word_1_14' title='bbox 356 411 476 462; x_wconf 91' lang='lat' dir='ltr'><strong>simi</strong></span> <span class='ocrx_word' id='word_1_15' title='bbox 497 412 905 464; x_wconf 84' lang='lat' dir='ltr'><strong>Christianorum</strong></span> <span class='ocrx_word' id='word_1_16' title='bbox 918 452 935 478; x_wconf 92' lang='lat'><strong>,</strong></span> <span class='ocrx_word' id='word_1_17' title='bbox 976 413 1118 464; x_wconf 85' lang='lat' dir='ltr'><strong>illam</strong></span> <span class='ocrx_word' id='word_1_18' title='bbox 1138 421 1312 464; x_wconf 89' lang='lat' dir='ltr'><strong>autem</strong></span> <span class='ocrx_word' id='word_1_19' title='bbox 1331 414 1721 479; x_wconf 71' lang='lat' dir='ltr'><strong>antiquissimae</strong></span> <span class='ocrx_word' id='word_1_20' title='bbox 1739 408 2051 464; x_wconf 71' lang='lat' dir='ltr'><strong>Iudaeorum</strong></span> <span class='ocrx_word' id='word_1_21' title='bbox 2071 417 2238 473; x_wconf 77' lang='lat' dir='ltr'><strong>sectae</strong></span> 
     </span>
     <span class='ocr_line' id='line_1_4' title="bbox 355 485 2238 554; baseline -0.002 -14"><span class='ocrx_word' id='word_1_22' title='bbox 355 497 692 554; x_wconf 70' lang='lat' dir='ltr'><strong>negaverunt,</strong></span> <span class='ocrx_word' id='word_1_23' title='bbox 735 497 786 541; x_wconf 87' lang='lat' dir='ltr'><strong>et</strong></span> <span class='ocrx_word' id='word_1_24' title='bbox 812 491 857 540; x_wconf 94' lang='lat' dir='ltr'><strong>si</strong></span> <span class='ocrx_word' id='word_1_25' title='bbox 886 485 1073 542; x_wconf 89' lang='lat' dir='ltr'><strong>deinde</strong></span> <span class='ocrx_word' id='word_1_26' title='bbox 1100 489 1166 541; x_wconf 83' lang='lat' dir='ltr'><strong>ad</strong></span> <span class='ocrx_word' id='word_1_27' title='bbox 1192 491 1379 542; x_wconf 90' lang='lat' dir='ltr'><strong>seriem</strong></span> <span class='ocrx_word' id='word_1_28' title='bbox 1409 505 1661 542; x_wconf 86' lang='lat' dir='ltr'><strong>annorum</strong></span> <span class='ocrx_word' id='word_1_29' title='bbox 1690 487 2017 540; x_wconf 87' lang='lat' dir='ltr'><strong>attendamus</strong></span> <span class='ocrx_word' id='word_1_30' title='bbox 2037 487 2238 549; x_wconf 84' lang='lat' dir='ltr'><strong>(utiam</strong></span> 
     </span>
     <span class='ocr_line' id='line_1_5' title="bbox 353 562 2241 636; baseline -0.002 -20"><span class='ocrx_word' id='word_1_31' title='bbox 353 565 450 617; x_wconf 83' lang='lat' dir='ltr'><strong>alia</strong></span> <span class='ocrx_word' id='word_1_32' title='bbox 486 567 735 634; x_wconf 86' lang='lat' dir='ltr'><strong>taceam),</strong></span> <span class='ocrx_word' id='word_1_33' title='bbox 777 583 935 636; x_wconf 86' lang='lat' dir='ltr'><strong>quam</strong></span> <span class='ocrx_word' id='word_1_34' title='bbox 962 567 1223 619; x_wconf 71' lang='lat' dir='ltr'>Pharisaei</span> <span class='ocrx_word' id='word_1_35' title='bbox 1261 575 1570 634; x_wconf 87' lang='lat' dir='ltr'><strong>acceperunt</strong></span> <span class='ocrx_word' id='word_1_36' title='bbox 1604 583 1632 619; x_wconf 87' lang='lat' dir='ltr'><strong>a</strong></span> <span class='ocrx_word' id='word_1_37' title='bbox 1667 568 1781 618; x_wconf 88' lang='lat' dir='ltr'><strong>suis</strong></span> <span class='ocrx_word' id='word_1_38' title='bbox 1815 562 2098 628; x_wconf 57' lang='lat' dir='ltr'><strong>Babba-is,</strong></span> <span class='ocrx_word' id='word_1_39' title='bbox 2139 577 2241 630; x_wconf 85' lang='lat' dir='ltr'><strong>qua</strong></span> 
     </span>
     <span class='ocr_line' id='line_1_6' title="bbox 354 641 2242 711; baseline -0.001 -17"><span class='ocrx_word' id='word_1_40' title='bbox 354 642 487 695; x_wconf 84' lang='lat' dir='ltr'><strong>hanc</strong></span> <span class='ocrx_word' id='word_1_41' title='bbox 504 643 829 695; x_wconf 78' lang='lat' dir='ltr'>traditionem</span> <span class='ocrx_word' id='word_1_42' title='bbox 850 645 914 696; x_wconf 86' lang='lat' dir='ltr'><strong>ad</strong></span> <span class='ocrx_word' id='word_1_43' title='bbox 940 647 1113 698; x_wconf 82' lang='lat' dir='ltr'>Mosen</span> <span class='ocrx_word' id='word_1_44' title='bbox 1135 659 1306 710; x_wconf 89' lang='lat' dir='ltr'><strong>usque</strong></span> <span class='ocrx_word' id='word_1_45' title='bbox 1327 645 1620 711; x_wconf 73' lang='lat' dir='ltr'><strong>proferunt,</strong></span> <span class='ocrx_word' id='word_1_46' title='bbox 1659 658 1772 695; x_wconf 82' lang='lat' dir='ltr'><strong>eam</strong></span> <span class='ocrx_word' id='word_1_47' title='bbox 1799 641 1983 694; x_wconf 78' lang='lat' dir='ltr'><strong>salsam</strong></span> <span class='ocrx_word' id='word_1_48' title='bbox 2011 655 2128 694; x_wconf 85' lang='lat' dir='ltr'><strong>esse</strong></span> <span class='ocrx_word' id='word_1_49' title='bbox 2157 655 2242 692; x_wconf 86' lang='lat' dir='ltr'><strong>re-</strong></span> 
     </span>
     <span class='ocr_line' id='line_1_7' title="bbox 353 717 2240 792; baseline -0.002 -20"><span class='ocrx_word' id='word_1_50' title='bbox 353 721 639 786; x_wconf 76' lang='lat' dir='ltr'><strong>periemuS‚</strong></span> <span class='ocrx_word' id='word_1_51' title='bbox 681 722 819 790; x_wconf 86' lang='lat' dir='ltr'><strong>quod</strong></span> <span class='ocrx_word' id='word_1_52' title='bbox 850 722 951 773; x_wconf 86' lang='lat' dir='ltr'><strong>alio</strong></span> <span class='ocrx_word' id='word_1_53' title='bbox 979 724 1030 773; x_wconf 90' lang='lat' dir='ltr'><strong>in</strong></span> <span class='ocrx_word' id='word_1_54' title='bbox 1060 722 1171 773; x_wconf 91' lang='lat' dir='ltr'><strong>loco</strong></span> <span class='ocrx_word' id='word_1_55' title='bbox 1200 723 1502 792; x_wconf 80' lang='lat' dir='ltr'><strong>ostendo*).</strong></span> <span class='ocrx_word' id='word_1_56' title='bbox 1577 722 1664 773; x_wconf 81' lang='lat'><strong>40.</strong></span> <span class='ocrx_word' id='word_1_57' title='bbox 1703 722 1874 784; x_wconf 87' lang='lat' dir='ltr'><strong>Quare</strong></span> <span class='ocrx_word' id='word_1_58' title='bbox 1903 719 2018 772; x_wconf 87' lang='lat' dir='ltr'><strong>talis</strong></span> <span class='ocrx_word' id='word_1_59' title='bbox 2036 717 2240 769; x_wconf 88' lang='lat' dir='ltr'><strong>traditio</strong></span> 
     </span>
     <span class='ocr_line' id='line_1_8' title="bbox 354 796 2240 866; baseline -0.002 -18"><span class='ocrx_word' id='word_1_60' title='bbox 354 796 506 849; x_wconf 87' lang='lat' dir='ltr'><strong>nobis</strong></span> <span class='ocrx_word' id='word_1_61' title='bbox 536 798 819 850; x_wconf 79' lang='lat' dir='ltr'>admodum</span> <span class='ocrx_word' id='word_1_62' title='bbox 852 799 1007 850; x_wconf 88' lang='lat' dir='ltr'><strong>debet</strong></span> <span class='ocrx_word' id='word_1_63' title='bbox 1034 813 1151 850; x_wconf 86' lang='lat' dir='ltr'><strong>esse</strong></span> <span class='ocrx_word' id='word_1_64' title='bbox 1180 807 1422 866; x_wconf 86' lang='lat' dir='ltr'><strong>suspecta</strong></span> <span class='ocrx_word' id='word_1_65' title='bbox 1433 815 1446 860; x_wconf 87' lang='lat'>;</span> <span class='ocrx_word' id='word_1_66' title='bbox 1490 805 1540 850; x_wconf 87' lang='lat' dir='ltr'><strong>et</strong></span> <span class='ocrx_word' id='word_1_67' title='bbox 1559 811 1860 864; x_wconf 76' lang='lat' dir='ltr'><strong>quanquam</strong></span> <span class='ocrx_word' id='word_1_68' title='bbox 1878 812 1972 849; x_wconf 88' lang='lat' dir='ltr'><strong>nos</strong></span> <span class='ocrx_word' id='word_1_69' title='bbox 1991 797 2043 848; x_wconf 90' lang='lat' dir='ltr'><strong>in</strong></span> <span class='ocrx_word' id='word_1_70' title='bbox 2065 803 2240 847; x_wconf 88' lang='lat' dir='ltr'><strong>nostra</strong></span> 
     </span>
     <span class='ocr_line' id='line_1_9' title="bbox 354 874 2241 942; baseline -0.002 -16"><span class='ocrx_word' id='word_1_71' title='bbox 354 874 595 927; x_wconf 82' lang='lat' dir='ltr'><strong>methodo</strong></span> <span class='ocrx_word' id='word_1_72' title='bbox 620 876 929 926; x_wconf 84' lang='lat' dir='ltr'><strong>Iudaeorum</strong></span> <span class='ocrx_word' id='word_1_73' title='bbox 960 875 1288 927; x_wconf 79' lang='lat' dir='ltr'><strong>traditionem</strong></span> <span class='ocrx_word' id='word_1_74' title='bbox 1317 877 1546 942; x_wconf 88' lang='lat' dir='ltr'><strong>aliquam</strong></span> <span class='ocrx_word' id='word_1_75' title='bbox 1565 882 1624 927; x_wconf 91' lang='lat' dir='ltr'><strong>ut</strong></span> <span class='ocrx_word' id='word_1_76' title='bbox 1641 876 1990 940; x_wconf 82' lang='lat' dir='ltr'><strong>incorruptam</strong></span> <span class='ocrx_word' id='word_1_77' title='bbox 2012 874 2241 938; x_wconf 79' lang='lat' dir='ltr'><strong>cogimur</strong></span> 
     </span>
     <span class='ocr_line' id='line_1_10' title="bbox 354 949 2236 1020; baseline 0 -18"><span class='ocrx_word' id='word_1_78' title='bbox 354 967 676 1020; x_wconf 79' lang='lat' dir='ltr'><strong>supponere,</strong></span> <span class='ocrx_word' id='word_1_79' title='bbox 719 966 907 1020; x_wconf 83' lang='lat' dir='ltr'><strong>nempe</strong></span> <span class='ocrx_word' id='word_1_80' title='bbox 935 953 1356 1018; x_wconf 74' lang='lat' dir='ltr'><strong>significationem</strong></span> <span class='ocrx_word' id='word_1_81' title='bbox 1387 951 1657 1004; x_wconf 86' lang='lat' dir='ltr'><strong>verborum</strong></span> <span class='ocrx_word' id='word_1_82' title='bbox 1694 952 1901 1018; x_wconf 83' lang='lat' dir='ltr'><strong>linguae</strong></span> <span class='ocrx_word' id='word_1_83' title='bbox 1929 949 2236 1012; x_wconf 85' lang='lat' dir='ltr'><strong>Hebraicae,</strong></span> 
     </span>
     <span class='ocr_line' id='line_1_11' title="bbox 354 1027 2240 1097; baseline -0.002 -16"><span class='ocrx_word' id='word_1_84' title='bbox 354 1043 509 1094; x_wconf 90' lang='lat' dir='ltr'><strong>quam</strong></span> <span class='ocrx_word' id='word_1_85' title='bbox 532 1027 596 1080; x_wconf 84' lang='lat' dir='ltr'><strong>ab</strong></span> <span class='ocrx_word' id='word_1_86' title='bbox 618 1029 805 1080; x_wconf 88' lang='lat' dir='ltr'><strong>iisdem</strong></span> <span class='ocrx_word' id='word_1_87' title='bbox 823 1031 1119 1097; x_wconf 87' lang='lat' dir='ltr'><strong>accepimus</strong></span> <span class='ocrx_word' id='word_1_88' title='bbox 1134 1070 1147 1092; x_wconf 90' lang='lat'><strong>,</strong></span> <span class='ocrx_word' id='word_1_89' title='bbox 1190 1030 1254 1082; x_wconf 90' lang='lat' dir='ltr'><strong>de</strong></span> <span class='ocrx_word' id='word_1_90' title='bbox 1276 1031 1361 1081; x_wconf 89' lang='lat' dir='ltr'><strong>illa</strong></span> <span class='ocrx_word' id='word_1_91' title='bbox 1379 1037 1547 1081; x_wconf 86' lang='lat' dir='ltr'><strong>tamen</strong></span> <span class='ocrx_word' id='word_1_92' title='bbox 1569 1028 1870 1082; x_wconf 87' lang='lat' dir='ltr'><strong>dubitamus</strong></span> <span class='ocrx_word' id='word_1_93' title='bbox 1884 1069 1898 1089; x_wconf 88' lang='lat'>‚</span> <span class='ocrx_word' id='word_1_94' title='bbox 1940 1029 2003 1080; x_wconf 91' lang='lat' dir='ltr'><strong>de</strong></span> <span class='ocrx_word' id='word_1_95' title='bbox 2024 1027 2120 1079; x_wconf 86' lang='lat' dir='ltr'><strong>hac</strong></span> <span class='ocrx_word' id='word_1_96' title='bbox 2138 1042 2240 1078; x_wconf 89' lang='lat' dir='ltr'><strong>au-</strong></span> 
     </span>
     <span class='ocr_line' id='line_1_12' title="bbox 353 1105 2239 1174; baseline -0.001 -17"><span class='ocrx_word' id='word_1_97' title='bbox 353 1113 459 1158; x_wconf 88' lang='lat' dir='ltr'><strong>tem</strong></span> <span class='ocrx_word' id='word_1_98' title='bbox 491 1108 723 1159; x_wconf 86' lang='lat' dir='ltr'><strong>minime.</strong></span> <span class='ocrx_word' id='word_1_99' title='bbox 798 1108 929 1158; x_wconf 88' lang='lat' dir='ltr'><strong>Nam</strong></span> <span class='ocrx_word' id='word_1_100' title='bbox 958 1107 1155 1159; x_wconf 89' lang='lat' dir='ltr'><strong>nemini</strong></span> <span class='ocrx_word' id='word_1_101' title='bbox 1183 1121 1417 1174; x_wconf 89' lang='lat' dir='ltr'><strong>unquam</strong></span> <span class='ocrx_word' id='word_1_102' title='bbox 1447 1122 1506 1158; x_wconf 83' lang='lat' dir='ltr'><strong>ex</strong></span> <span class='ocrx_word' id='word_1_103' title='bbox 1532 1121 1633 1159; x_wconf 83' lang='lat' dir='ltr'><strong>usu</strong></span> <span class='ocrx_word' id='word_1_104' title='bbox 1655 1122 1771 1159; x_wconf 88' lang='lat' dir='ltr'><strong>esse</strong></span> <span class='ocrx_word' id='word_1_105' title='bbox 1790 1107 1982 1174; x_wconf 86' lang='lat' dir='ltr'><strong>potuit,</strong></span> <span class='ocrx_word' id='word_1_106' title='bbox 2022 1105 2239 1157; x_wconf 84' lang='lat' dir='ltr'><strong>alicuius</strong></span> 
     </span>
     <span class='ocr_line' id='line_1_13' title="bbox 356 1181 2238 1252; baseline -0.001 -18"><span class='ocrx_word' id='word_1_107' title='bbox 356 1181 492 1236; x_wconf 79' lang='lat' dir='ltr'><strong>verbi</strong></span> <span class='ocrx_word' id='word_1_108' title='bbox 513 1185 944 1250; x_wconf 79' lang='lat' dir='ltr'><strong>significationem</strong></span> <span class='ocrx_word' id='word_1_109' title='bbox 964 1192 1183 1247; x_wconf 85' lang='lat' dir='ltr'><strong>mutare,</strong></span> <span class='ocrx_word' id='word_1_110' title='bbox 1223 1192 1276 1236; x_wconf 91' lang='lat' dir='ltr'><strong>at</strong></span> <span class='ocrx_word' id='word_1_111' title='bbox 1295 1185 1507 1252; x_wconf 89' lang='lat' dir='ltr'><strong>quidem</strong></span> <span class='ocrx_word' id='word_1_112' title='bbox 1527 1200 1630 1236; x_wconf 86' lang='lat' dir='ltr'><strong>non</strong></span> <span class='ocrx_word' id='word_1_113' title='bbox 1653 1200 1767 1235; x_wconf 87' lang='lat' dir='ltr'><strong>raro</strong></span> <span class='ocrx_word' id='word_1_114' title='bbox 1786 1199 2001 1237; x_wconf 87' lang='lat' dir='ltr'><strong>sensum</strong></span> <span class='ocrx_word' id='word_1_115' title='bbox 2021 1185 2238 1236; x_wconf 86' lang='lat' dir='ltr'><strong>alicuius</strong></span> 
     </span>
     <span class='ocr_line' id='line_1_14' title="bbox 356 1260 2241 1329; baseline 0 -18"><span class='ocrx_word' id='word_1_116' title='bbox 356 1261 625 1314; x_wconf 87' lang='lat' dir='ltr'><strong>orationis.</strong></span> <span class='ocrx_word' id='word_1_117' title='bbox 696 1262 795 1321; x_wconf 45' lang='lat'><strong>41,</strong></span> <span class='ocrx_word' id='word_1_118' title='bbox 827 1262 965 1324; x_wconf 87' lang='lat' dir='ltr'><strong>Quin</strong></span> <span class='ocrx_word' id='word_1_119' title='bbox 986 1269 1037 1312; x_wconf 90' lang='lat' dir='ltr'><strong>et</strong></span> <span class='ocrx_word' id='word_1_120' title='bbox 1056 1261 1194 1314; x_wconf 82' lang='lat' dir='ltr'><strong>factu</strong></span> <span class='ocrx_word' id='word_1_121' title='bbox 1215 1261 1569 1314; x_wconf 87' lang='lat' dir='ltr'><strong>difficillimum</strong></span> <span class='ocrx_word' id='word_1_122' title='bbox 1593 1269 1695 1324; x_wconf 85' lang='lat' dir='ltr'><strong>est;</strong></span> <span class='ocrx_word' id='word_1_123' title='bbox 1729 1277 1846 1314; x_wconf 84' lang='lat' dir='ltr'><strong>nam</strong></span> <span class='ocrx_word' id='word_1_124' title='bbox 1869 1263 1960 1329; x_wconf 90' lang='lat' dir='ltr'><strong>qui</strong></span> <span class='ocrx_word' id='word_1_125' title='bbox 1979 1260 2122 1314; x_wconf 81' lang='lat' dir='ltr'><strong>verbi</strong></span> <span class='ocrx_word' id='word_1_126' title='bbox 2142 1261 2241 1313; x_wconf 87' lang='lat' dir='ltr'><strong>ali-</strong></span> 
     </span>
     <span class='ocr_line' id='line_1_15' title="bbox 339 1337 2239 1410; baseline 0 -21"><span class='ocrx_word' id='word_1_127' title='bbox 339 1339 505 1390; x_wconf 73' lang='lat' dir='ltr'><strong>cuius</strong></span> <span class='ocrx_word' id='word_1_128' title='bbox 535 1337 960 1410; x_wconf 82' lang='lat' dir='ltr'><strong>significationem</strong></span> <span class='ocrx_word' id='word_1_129' title='bbox 998 1346 1269 1391; x_wconf 80' lang='lat' dir='ltr'><strong>conaretur</strong></span> <span class='ocrx_word' id='word_1_130' title='bbox 1304 1348 1524 1402; x_wconf 90' lang='lat' dir='ltr'><strong>mutare,</strong></span> <span class='ocrx_word' id='word_1_131' title='bbox 1567 1347 1832 1406; x_wconf 79' lang='lat' dir='ltr'><strong>cogeretur</strong></span> <span class='ocrx_word' id='word_1_132' title='bbox 1867 1339 2024 1390; x_wconf 90' lang='lat' dir='ltr'><strong>simul</strong></span> <span class='ocrx_word' id='word_1_133' title='bbox 2059 1352 2239 1390; x_wconf 83' lang='lat' dir='ltr'><strong>omnes</strong></span> 
     </span>
     <span class='ocr_line' id='line_1_16' title="bbox 354 1415 2239 1484; baseline 0 -18"><span class='ocrx_word' id='word_1_134' title='bbox 354 1423 614 1481; x_wconf 82' lang='lat' dir='ltr'><strong>auctores,</strong></span> <span class='ocrx_word' id='word_1_135' title='bbox 655 1417 746 1482; x_wconf 90' lang='lat' dir='ltr'><strong>qui</strong></span> <span class='ocrx_word' id='word_1_136' title='bbox 778 1415 863 1466; x_wconf 87' lang='lat' dir='ltr'><strong>illa</strong></span> <span class='ocrx_word' id='word_1_137' title='bbox 889 1416 1065 1484; x_wconf 88' lang='lat' dir='ltr'><strong>lingua</strong></span> <span class='ocrx_word' id='word_1_138' title='bbox 1094 1417 1410 1484; x_wconf 86' lang='lat' dir='ltr'><strong>scripserunt</strong></span> <span class='ocrx_word' id='word_1_139' title='bbox 1438 1424 1488 1469; x_wconf 88' lang='lat' dir='ltr'><strong>et</strong></span> <span class='ocrx_word' id='word_1_140' title='bbox 1517 1416 1604 1468; x_wconf 90' lang='lat' dir='ltr'><strong>illo</strong></span> <span class='ocrx_word' id='word_1_141' title='bbox 1633 1417 1788 1469; x_wconf 82' lang='lat' dir='ltr'><strong>verbo</strong></span> <span class='ocrx_word' id='word_1_142' title='bbox 1824 1419 1876 1468; x_wconf 90' lang='lat' dir='ltr'><strong>in</strong></span> <span class='ocrx_word' id='word_1_143' title='bbox 1914 1424 2113 1483; x_wconf 85' lang='lat' dir='ltr'><strong>recepta</strong></span> <span class='ocrx_word' id='word_1_144' title='bbox 2144 1431 2239 1466; x_wconf 88' lang='lat' dir='ltr'><strong>sua</strong></span> 
     </span>
     <span class='ocr_line' id='line_1_17' title="bbox 353 1491 2239 1562; baseline -0.001 -18"><span class='ocrx_word' id='word_1_145' title='bbox 353 1491 724 1559; x_wconf 84' lang='lat' dir='ltr'><strong>significatione</strong></span> <span class='ocrx_word' id='word_1_146' title='bbox 752 1493 835 1544; x_wconf 87' lang='lat' dir='ltr'><strong>usi</strong></span> <span class='ocrx_word' id='word_1_147' title='bbox 853 1500 1005 1557; x_wconf 86' lang='lat' dir='ltr'><strong>sunt,</strong></span> <span class='ocrx_word' id='word_1_148' title='bbox 1045 1508 1106 1545; x_wconf 85' lang='lat' dir='ltr'><strong>ex</strong></span> <span class='ocrx_word' id='word_1_149' title='bbox 1123 1494 1331 1562; x_wconf 87' lang='lat' dir='ltr'><strong>ingenio</strong></span> <span class='ocrx_word' id='word_1_150' title='bbox 1351 1493 1432 1546; x_wconf 84' lang='lat' dir='ltr'><strong>vel</strong></span> <span class='ocrx_word' id='word_1_151' title='bbox 1450 1501 1621 1547; x_wconf 87' lang='lat' dir='ltr'><strong>mente</strong></span> <span class='ocrx_word' id='word_1_152' title='bbox 1641 1495 2053 1560; x_wconf 88' lang='lat' dir='ltr'><strong>uniuscuiusque</strong></span> <span class='ocrx_word' id='word_1_153' title='bbox 2072 1492 2239 1560; x_wconf 79' lang='lat' dir='ltr'><strong>expli-</strong></span> 
     </span>
     <span class='ocr_line' id='line_1_18' title="bbox 353 1569 2238 1639; baseline -0.001 -18"><span class='ocrx_word' id='word_1_154' title='bbox 353 1584 495 1634; x_wconf 86' lang='lat' dir='ltr'><strong>care,</strong></span> <span class='ocrx_word' id='word_1_155' title='bbox 536 1570 614 1621; x_wconf 83' lang='lat' dir='ltr'><strong>vel</strong></span> <span class='ocrx_word' id='word_1_156' title='bbox 650 1584 857 1622; x_wconf 89' lang='lat' dir='ltr'><strong>summa</strong></span> <span class='ocrx_word' id='word_1_157' title='bbox 894 1584 1014 1621; x_wconf 85' lang='lat' dir='ltr'><strong>cum</strong></span> <span class='ocrx_word' id='word_1_158' title='bbox 1052 1573 1290 1622; x_wconf 89' lang='lat' dir='ltr'><strong>cautione</strong></span> <span class='ocrx_word' id='word_1_159' title='bbox 1327 1571 1621 1639; x_wconf 85' lang='lat' dir='ltr'><strong>depravare.</strong></span> <span class='ocrx_word' id='word_1_160' title='bbox 1693 1573 1780 1626; x_wconf 76' lang='lat'><strong>42.</strong></span> <span class='ocrx_word' id='word_1_161' title='bbox 1818 1569 2017 1622; x_wconf 85' lang='lat' dir='ltr'><strong>Deinde</strong></span> <span class='ocrx_word' id='word_1_162' title='bbox 2052 1569 2238 1636; x_wconf 82' lang='lat' dir='ltr'><strong>vulgus</strong></span> 
     </span>
     <span class='ocr_line' id='line_1_19' title="bbox 352 1646 2240 1712; baseline 0.001 -17"><span class='ocrx_word' id='word_1_163' title='bbox 352 1646 581 1712; x_wconf 79' lang='lat' dir='ltr'><strong>linguam</strong></span> <span class='ocrx_word' id='word_1_164' title='bbox 602 1661 720 1698; x_wconf 90' lang='lat' dir='ltr'><strong>cum</strong></span> <span class='ocrx_word' id='word_1_165' title='bbox 744 1647 908 1698; x_wconf 88' lang='lat' dir='ltr'><strong>doctis</strong></span> <span class='ocrx_word' id='word_1_166' title='bbox 928 1654 1111 1710; x_wconf 83' lang='lat' dir='ltr'><strong>servat,</strong></span> <span class='ocrx_word' id='word_1_167' title='bbox 1146 1663 1338 1700; x_wconf 87' lang='lat' dir='ltr'><strong>sensus</strong></span> <span class='ocrx_word' id='word_1_168' title='bbox 1356 1656 1526 1700; x_wconf 88' lang='lat' dir='ltr'><strong>autem</strong></span> <span class='ocrx_word' id='word_1_169' title='bbox 1547 1649 1833 1700; x_wconf 87' lang='lat' dir='ltr'><strong>orationum</strong></span> <span class='ocrx_word' id='word_1_170' title='bbox 1853 1654 1904 1698; x_wconf 87' lang='lat' dir='ltr'><strong>et</strong></span> <span class='ocrx_word' id='word_1_171' title='bbox 1921 1646 2084 1698; x_wconf 90' lang='lat' dir='ltr'><strong>libros</strong></span> <span class='ocrx_word' id='word_1_172' title='bbox 2103 1647 2240 1698; x_wconf 88' lang='lat' dir='ltr'><strong>docti</strong></span> 
     </span>
     <span class='ocr_line' id='line_1_20' title="bbox 355 1723 2238 1794; baseline 0.001 -20"><span class='ocrx_word' id='word_1_173' title='bbox 355 1730 581 1785; x_wconf 83' lang='lat' dir='ltr'><strong>tantum;</strong></span> <span class='ocrx_word' id='word_1_174' title='bbox 621 1736 681 1775; x_wconf 87' lang='lat' dir='ltr'><strong>ac</strong></span> <span class='ocrx_word' id='word_1_175' title='bbox 718 1723 934 1791; x_wconf 86' lang='lat' dir='ltr'><strong>proinde</strong></span> <span class='ocrx_word' id='word_1_176' title='bbox 970 1723 1118 1777; x_wconf 75' lang='lat' dir='ltr'><strong>facile</strong></span> <span class='ocrx_word' id='word_1_177' title='bbox 1154 1740 1440 1794; x_wconf 85' lang='lat' dir='ltr'><strong>possumus</strong></span> <span class='ocrx_word' id='word_1_178' title='bbox 1477 1727 1768 1793; x_wconf 88' lang='lat' dir='ltr'><strong>concipere,</strong></span> <span class='ocrx_word' id='word_1_179' title='bbox 1811 1723 1986 1777; x_wconf 90' lang='lat' dir='ltr'><strong>doctos</strong></span> <span class='ocrx_word' id='word_1_180' title='bbox 2021 1738 2238 1779; x_wconf 88' lang='lat' dir='ltr'><strong>sensum</strong></span> 
     </span>
     <span class='ocr_line' id='line_1_21' title="bbox 355 1800 2236 1872; baseline 0 -21"><span class='ocrx_word' id='word_1_181' title='bbox 355 1800 599 1851; x_wconf 89' lang='lat' dir='ltr'><strong>orationis</strong></span> <span class='ocrx_word' id='word_1_182' title='bbox 618 1800 837 1851; x_wconf 89' lang='lat' dir='ltr'><strong>alicuius</strong></span> <span class='ocrx_word' id='word_1_183' title='bbox 858 1801 975 1852; x_wconf 85' lang='lat' dir='ltr'><strong>libri</strong></span> <span class='ocrx_word' id='word_1_184' title='bbox 995 1802 1266 1866; x_wconf 88' lang='lat' dir='ltr'><strong>rarissimi,</strong></span> <span class='ocrx_word' id='word_1_185' title='bbox 1292 1818 1447 1870; x_wconf 90' lang='lat' dir='ltr'><strong>quem</strong></span> <span class='ocrx_word' id='word_1_186' title='bbox 1469 1804 1520 1855; x_wconf 92' lang='lat' dir='ltr'><strong>in</strong></span> <span class='ocrx_word' id='word_1_187' title='bbox 1541 1820 1634 1855; x_wconf 90' lang='lat' dir='ltr'><strong>sua</strong></span> <span class='ocrx_word' id='word_1_188' title='bbox 1653 1811 1902 1872; x_wconf 85' lang='lat' dir='ltr'><strong>potestate</strong></span> <span class='ocrx_word' id='word_1_189' title='bbox 1927 1800 2236 1863; x_wconf 84' lang='lat' dir='ltr'><strong>habuerunt,</strong></span> 
     </span>
     <span class='ocr_line' id='line_1_22' title="bbox 355 1877 2238 1949; baseline 0.001 -20"><span class='ocrx_word' id='word_1_190' title='bbox 355 1884 551 1929; x_wconf 87' lang='lat' dir='ltr'><strong>mutare</strong></span> <span class='ocrx_word' id='word_1_191' title='bbox 574 1877 651 1929; x_wconf 87' lang='lat' dir='ltr'><strong>vel</strong></span> <span class='ocrx_word' id='word_1_192' title='bbox 671 1891 997 1945; x_wconf 86' lang='lat' dir='ltr'><strong>corrumpere</strong></span> <span class='ocrx_word' id='word_1_193' title='bbox 1017 1881 1271 1946; x_wconf 85' lang='lat' dir='ltr'><strong>potuisse,</strong></span> <span class='ocrx_word' id='word_1_194' title='bbox 1295 1896 1399 1932; x_wconf 94' lang='lat' dir='ltr'><strong>non</strong></span> <span class='ocrx_word' id='word_1_195' title='bbox 1419 1889 1592 1933; x_wconf 88' lang='lat' dir='ltr'><strong>autem</strong></span> <span class='ocrx_word' id='word_1_196' title='bbox 1610 1881 1880 1933; x_wconf 83' lang='lat' dir='ltr'><strong>verborum</strong></span> <span class='ocrx_word' id='word_1_197' title='bbox 1901 1878 2238 1949; x_wconf 83' lang='lat' dir='ltr'><strong>significatio-</strong></span> 
     </span>
     <span class='ocr_line' id='line_1_23' title="bbox 353 1952 2234 2025; baseline 0.001 -20"><span class='ocrx_word' id='word_1_198' title='bbox 353 1968 493 2007; x_wconf 90' lang='lat' dir='ltr'><strong>nem.</strong></span> <span class='ocrx_word' id='word_1_199' title='bbox 565 1952 717 2006; x_wconf 76' lang='lat' dir='ltr'><strong>Adde</strong></span> <span class='ocrx_word' id='word_1_200' title='bbox 736 1954 878 2022; x_wconf 85' lang='lat' dir='ltr'><strong>quod</strong></span> <span class='ocrx_word' id='word_1_201' title='bbox 898 1958 943 2007; x_wconf 91' lang='lat' dir='ltr'><strong>si</strong></span> <span class='ocrx_word' id='word_1_202' title='bbox 965 1958 1083 2024; x_wconf 88' lang='lat' dir='ltr'><strong>quis</strong></span> <span class='ocrx_word' id='word_1_203' title='bbox 1103 1957 1323 2010; x_wconf 87' lang='lat' dir='ltr'><strong>alicuius</strong></span> <span class='ocrx_word' id='word_1_204' title='bbox 1344 1958 1482 2009; x_wconf 87' lang='lat' dir='ltr'><strong>verbi</strong></span> <span class='ocrx_word' id='word_1_205' title='bbox 1502 1958 1926 2025; x_wconf 84' lang='lat' dir='ltr'><strong>significationem</strong></span> <span class='ocrx_word' id='word_1_206' title='bbox 1943 1998 1957 2020; x_wconf 87' lang='lat'><strong>,</strong></span> <span class='ocrx_word' id='word_1_207' title='bbox 1997 1958 2080 2009; x_wconf 89' lang='lat' dir='ltr'><strong>cui</strong></span> <span class='ocrx_word' id='word_1_208' title='bbox 2101 1972 2234 2008; x_wconf 91' lang='lat' dir='ltr'><strong>con-</strong></span> 
     </span>
     <span class='ocr_line' id='line_1_24' title="bbox 354 2032 2236 2103; baseline 0.001 -20"><span class='ocrx_word' id='word_1_209' title='bbox 354 2032 535 2095; x_wconf 77' lang='lat' dir='ltr'><strong>suevit,</strong></span> <span class='ocrx_word' id='word_1_210' title='bbox 573 2032 626 2083; x_wconf 89' lang='lat' dir='ltr'><strong>in</strong></span> <span class='ocrx_word' id='word_1_211' title='bbox 647 2032 799 2083; x_wconf 84' lang='lat' dir='ltr'><strong>aliam</strong></span> <span class='ocrx_word' id='word_1_212' title='bbox 820 2040 1017 2085; x_wconf 86' lang='lat' dir='ltr'><strong>mutare</strong></span> <span class='ocrx_word' id='word_1_213' title='bbox 1038 2034 1181 2099; x_wconf 84' lang='lat' dir='ltr'><strong>velit,</strong></span> <span class='ocrx_word' id='word_1_214' title='bbox 1222 2051 1328 2086; x_wconf 90' lang='lat' dir='ltr'><strong>non</strong></span> <span class='ocrx_word' id='word_1_215' title='bbox 1349 2036 1534 2103; x_wconf 87' lang='lat' dir='ltr'><strong>poterit</strong></span> <span class='ocrx_word' id='word_1_216' title='bbox 1551 2037 1664 2087; x_wconf 88' lang='lat' dir='ltr'><strong>sine</strong></span> <span class='ocrx_word' id='word_1_217' title='bbox 1684 2035 1975 2087; x_wconf 85' lang='lat' dir='ltr'><strong>difficultate</strong></span> <span class='ocrx_word' id='word_1_218' title='bbox 1995 2035 2043 2086; x_wconf 92' lang='lat' dir='ltr'><strong>id</strong></span> <span class='ocrx_word' id='word_1_219' title='bbox 2067 2036 2119 2085; x_wconf 91' lang='lat' dir='ltr'><strong>in</strong></span> <span class='ocrx_word' id='word_1_220' title='bbox 2139 2048 2236 2101; x_wconf 90' lang='lat' dir='ltr'><strong>po·-</strong></span> 
     </span>
     <span class='ocr_line' id='line_1_25' title="bbox 354 2108 2234 2179; baseline -0.001 -19"><span class='ocrx_word' id='word_1_221' title='bbox 354 2116 548 2161; x_wconf 89' lang='lat' dir='ltr'><strong>sterum</strong></span> <span class='ocrx_word' id='word_1_222' title='bbox 575 2116 627 2161; x_wconf 88' lang='lat' dir='ltr'><strong>et</strong></span> <span class='ocrx_word' id='word_1_223' title='bbox 654 2108 1125 2179; x_wconf 84' lang='lat' dir='ltr'><strong>interloquendum</strong></span> <span class='ocrx_word' id='word_1_224' title='bbox 1149 2120 1199 2164; x_wconf 86' lang='lat' dir='ltr'><strong>et</strong></span> <span class='ocrx_word' id='word_1_225' title='bbox 1217 2112 1550 2165; x_wconf 86' lang='lat' dir='ltr'><strong>scribendum</strong></span> <span class='ocrx_word' id='word_1_226' title='bbox 1573 2110 1859 2164; x_wconf 87' lang='lat' dir='ltr'><strong>observare.</strong></span> <span class='ocrx_word' id='word_1_227' title='bbox 1931 2114 2016 2163; x_wconf 81' lang='lat'><strong>43.</strong></span> <span class='ocrx_word' id='word_1_228' title='bbox 2057 2112 2133 2161; x_wconf 85' lang='lat' dir='ltr'><strong>Ex</strong></span> <span class='ocrx_word' id='word_1_229' title='bbox 2153 2110 2234 2161; x_wconf 82' lang='lat' dir='ltr'><strong>his</strong></span> 
     </span>
     <span class='ocr_line' id='line_1_26' title="bbox 352 2186 2235 2257; baseline 0.001 -20"><span class='ocrx_word' id='word_1_230' title='bbox 352 2187 527 2253; x_wconf 84' lang='lat' dir='ltr'><strong>itaque</strong></span> <span class='ocrx_word' id='word_1_231' title='bbox 566 2194 615 2237; x_wconf 90' lang='lat' dir='ltr'><strong>et</strong></span> <span class='ocrx_word' id='word_1_232' title='bbox 648 2186 765 2239; x_wconf 87' lang='lat' dir='ltr'><strong>aliis</strong></span> <span class='ocrx_word' id='word_1_233' title='bbox 804 2188 1092 2241; x_wconf 88' lang='lat' dir='ltr'><strong>rationibus</strong></span> <span class='ocrx_word' id='word_1_234' title='bbox 1129 2188 1276 2241; x_wconf 78' lang='lat' dir='ltr'><strong>facile</strong></span> <span class='ocrx_word' id='word_1_235' title='bbox 1313 2190 1466 2242; x_wconf 88' lang='lat' dir='ltr'><strong>nobis</strong></span> <span class='ocrx_word' id='word_1_236' title='bbox 1502 2189 1900 2257; x_wconf 86' lang='lat' dir='ltr'><strong>persuademus,</strong></span> <span class='ocrx_word' id='word_1_237' title='bbox 1952 2188 2143 2240; x_wconf 88' lang='lat' dir='ltr'><strong>nemini</strong></span> <span class='ocrx_word' id='word_1_238' title='bbox 2179 2189 2235 2239; x_wconf 92' lang='lat' dir='ltr'><strong>in</strong></span> 
     </span>
     <span class='ocr_line' id='line_1_27' title="bbox 354 2253 2236 2333; baseline 0.001 -19"><span class='ocrx_word' id='word_1_239' title='bbox 354 2272 578 2315; x_wconf 89' lang='lat' dir='ltr'><strong>mentem</strong></span> <span class='ocrx_word' id='word_1_240' title='bbox 600 2265 768 2317; x_wconf 88' lang='lat' dir='ltr'><strong>venire</strong></span> <span class='ocrx_word' id='word_1_241' title='bbox 787 2266 1049 2333; x_wconf 86' lang='lat' dir='ltr'><strong>potuisse,</strong></span> <span class='ocrx_word' id='word_1_242' title='bbox 1072 2266 1301 2333; x_wconf 86' lang='lat' dir='ltr'><strong>linguam</strong></span> <span class='ocrx_word' id='word_1_243' title='bbox 1321 2268 1544 2333; x_wconf 79' lang='lat' dir='ltr'><strong>aliquam</strong></span> <span class='ocrx_word' id='word_1_244' title='bbox 1565 2258 1912 2333; x_wconf 86' lang='lat' dir='ltr'><strong>corr&#39;umpere;</strong></span> <span class='ocrx_word' id='word_1_245' title='bbox 1955 2274 2006 2317; x_wconf 86' lang='lat' dir='ltr'><strong>at</strong></span> <span class='ocrx_word' id='word_1_246' title='bbox 2024 2253 2236 2332; x_wconf 80' lang='lat' dir='ltr'><strong>quidem</strong></span> 
     </span>
     <span class='ocr_line' id='line_1_28' title="bbox 354 2342 2239 2412; baseline 0.001 -21"><span class='ocrx_word' id='word_1_247' title='bbox 354 2354 505 2407; x_wconf 80' lang='lat' dir='ltr'><strong>saepe</strong></span> <span class='ocrx_word' id='word_1_248' title='bbox 527 2350 751 2394; x_wconf 88' lang='lat' dir='ltr'><strong>mentem</strong></span> <span class='ocrx_word' id='word_1_249' title='bbox 766 2342 993 2395; x_wconf 82' lang='lat' dir='ltr'><strong>alicuius</strong></span> <span class='ocrx_word' id='word_1_250' title='bbox 1012 2346 1307 2412; x_wconf 78' lang='lat' dir='ltr'><strong>scriptoriS,</strong></span> <span class='ocrx_word' id='word_1_251' title='bbox 1349 2345 1463 2395; x_wconf 86' lang='lat' dir='ltr'><strong>eius</strong></span> <span class='ocrx_word' id='word_1_252' title='bbox 1480 2346 1736 2396; x_wconf 86' lang='lat' dir='ltr'><strong>orationes</strong></span> <span class='ocrx_word' id='word_1_253' title='bbox 1755 2344 2002 2395; x_wconf 89' lang='lat' dir='ltr'><strong>mutando</strong></span> <span class='ocrx_word' id='word_1_254' title='bbox 2020 2342 2099 2395; x_wconf 84' lang='lat' dir='ltr'><strong>vel</strong></span> <span class='ocrx_word' id='word_1_255' title='bbox 2117 2358 2239 2393; x_wconf 88' lang='lat' dir='ltr'><strong>eas-</strong></span> 
     </span>
     <span class='ocr_line' id='line_1_29' title="bbox 354 2417 2238 2489; baseline 0.002 -22"><span class='ocrx_word' id='word_1_256' title='bbox 354 2417 470 2468; x_wconf 91' lang='lat' dir='ltr'><strong>dem</strong></span> <span class='ocrx_word' id='word_1_257' title='bbox 501 2433 765 2486; x_wconf 87' lang='lat' dir='ltr'><strong>perperam</strong></span> <span class='ocrx_word' id='word_1_258' title='bbox 794 2421 1195 2489; x_wconf 86' lang='lat' dir='ltr'><strong>interpretando.</strong></span> <span class='ocrx_word' id='word_1_259' title='bbox 1270 2422 1447 2485; x_wconf 84' lang='lat' dir='ltr'><strong>Quum</strong></span> <span class='ocrx_word' id='word_1_260' title='bbox 1475 2423 1648 2488; x_wconf 88' lang='lat' dir='ltr'><strong>itaque</strong></span> <span class='ocrx_word' id='word_1_261' title='bbox 1676 2423 1800 2473; x_wconf 87' lang='lat' dir='ltr'><strong>haec</strong></span> <span class='ocrx_word' id='word_1_262' title='bbox 1828 2428 2000 2473; x_wconf 88' lang='lat' dir='ltr'><strong>nostra</strong></span> <span class='ocrx_word' id='word_1_263' title='bbox 2033 2420 2238 2472; x_wconf 84' lang='lat' dir='ltr'><strong>metho-</strong></span> 
     </span>
     <span class='ocr_line' id='line_1_30' title="bbox 354 2494 2237 2566; baseline 0.002 -21"><span class='ocrx_word' id='word_1_264' title='bbox 354 2494 453 2545; x_wconf 91' lang='lat' dir='ltr'><strong>dus</strong></span> <span class='ocrx_word' id='word_1_265' title='bbox 480 2494 641 2562; x_wconf 88' lang='lat' dir='ltr'><strong>(quae</strong></span> <span class='ocrx_word' id='word_1_266' title='bbox 669 2499 721 2548; x_wconf 91' lang='lat' dir='ltr'><strong>in</strong></span> <span class='ocrx_word' id='word_1_267' title='bbox 749 2512 810 2548; x_wconf 88' lang='lat' dir='ltr'><strong>eo</strong></span> <span class='ocrx_word' id='word_1_268' title='bbox 838 2498 1111 2561; x_wconf 72' lang='lat' dir='ltr'><strong>tundatur,</strong></span> <span class='ocrx_word' id='word_1_269' title='bbox 1150 2505 1208 2551; x_wconf 93' lang='lat' dir='ltr'><strong>ut</strong></span> <span class='ocrx_word' id='word_1_270' title='bbox 1236 2499 1458 2566; x_wconf 88' lang='lat' dir='ltr'><strong>cognitio</strong></span> <span class='ocrx_word' id='word_1_271' title='bbox 1487 2498 1778 2566; x_wconf 84' lang='lat' dir='ltr'><strong>Scripturae</strong></span> <span class='ocrx_word' id='word_1_272' title='bbox 1807 2498 1872 2551; x_wconf 90' lang='lat' dir='ltr'><strong>ab</strong></span> <span class='ocrx_word' id='word_1_273' title='bbox 1911 2499 2093 2549; x_wconf 86' lang='lat' dir='ltr'><strong>eadem</strong></span> <span class='ocrx_word' id='word_1_274' title='bbox 2129 2498 2237 2549; x_wconf 88' lang='lat' dir='ltr'><strong>sola</strong></span> 
     </span>
     <span class='ocr_line' id='line_1_31' title="bbox 354 2572 2235 2651; baseline 0.001 -28"><span class='ocrx_word' id='word_1_275' title='bbox 354 2572 583 2639; x_wconf 86' lang='lat' dir='ltr'><strong>petatur)</strong></span> <span class='ocrx_word' id='word_1_276' title='bbox 612 2574 765 2625; x_wconf 86' lang='lat' dir='ltr'><strong>unica</strong></span> <span class='ocrx_word' id='word_1_277' title='bbox 791 2581 841 2625; x_wconf 89' lang='lat' dir='ltr'><strong>et</strong></span> <span class='ocrx_word' id='word_1_278' title='bbox 867 2588 983 2627; x_wconf 79' lang='lat' dir='ltr'><strong>vera</strong></span> <span class='ocrx_word' id='word_1_279' title='bbox 1013 2577 1108 2638; x_wconf 88' lang='lat' dir='ltr'><strong>sit,</strong></span> <span class='ocrx_word' id='word_1_280' title='bbox 1148 2574 1400 2651; x_wconf 80' lang='lat' dir='ltr'><strong>quicquid</strong></span> <span class='ocrx_word' id='word_1_281' title='bbox 1427 2576 1541 2643; x_wconf 84' lang='lat' dir='ltr'><strong>ipsa</strong></span> <span class='ocrx_word' id='word_1_282' title='bbox 1571 2582 1823 2643; x_wconf 86' lang='lat' dir='ltr'><strong>praestare</strong></span> <span class='ocrx_word' id='word_1_283' title='bbox 1846 2591 1946 2627; x_wconf 95' lang='lat' dir='ltr'><strong>non</strong></span> <span class='ocrx_word' id='word_1_284' title='bbox 1969 2578 2155 2641; x_wconf 84' lang='lat' dir='ltr'><strong>poterit</strong></span> <span class='ocrx_word' id='word_1_285' title='bbox 2172 2575 2235 2626; x_wconf 89' lang='lat' dir='ltr'><strong>ad</strong></span> 
     </span>
     <span class='ocr_line' id='line_1_32' title="bbox 353 2649 2233 2721; baseline 0.002 -21"><span class='ocrx_word' id='word_1_286' title='bbox 353 2650 602 2715; x_wconf 88' lang='lat' dir='ltr'><strong>integram</strong></span> <span class='ocrx_word' id='word_1_287' title='bbox 631 2649 921 2717; x_wconf 80' lang='lat' dir='ltr'><strong>scripturae</strong></span> <span class='ocrx_word' id='word_1_288' title='bbox 950 2653 1295 2719; x_wconf 87' lang='lat' dir='ltr'><strong>cognitionem</strong></span> <span class='ocrx_word' id='word_1_289' title='bbox 1324 2654 1716 2719; x_wconf 84' lang='lat' dir='ltr'><strong>acquirendam,</strong></span> <span class='ocrx_word' id='word_1_290' title='bbox 1757 2653 1822 2704; x_wconf 90' lang='lat' dir='ltr'><strong>de</strong></span> <span class='ocrx_word' id='word_1_291' title='bbox 1848 2668 1908 2705; x_wconf 90' lang='lat' dir='ltr'><strong>eo</strong></span> <span class='ocrx_word' id='word_1_292' title='bbox 1948 2653 2098 2721; x_wconf 84' lang='lat' dir='ltr'><strong>plane</strong></span> <span class='ocrx_word' id='word_1_293' title='bbox 2137 2652 2233 2703; x_wconf 81' lang='lat' dir='ltr'><strong>de·-</strong></span> 
     </span>
     <span class='ocr_line' id='line_1_33' title="bbox 354 2727 2230 2817; baseline 0.001 -40"><span class='ocrx_word' id='word_1_294' title='bbox 354 2727 686 2817; x_wconf 69' lang='lat' dir='ltr'><strong>sperandum.</strong></span> <span class='ocrx_word' id='word_1_295' title='bbox 757 2729 848 2779; x_wconf 76' lang='lat'><strong>44.</strong></span> <span class='ocrx_word' id='word_1_296' title='bbox 889 2729 1028 2792; x_wconf 87' lang='lat' dir='ltr'><strong>Quid</strong></span> <span class='ocrx_word' id='word_1_297' title='bbox 1056 2737 1228 2781; x_wconf 86' lang='lat' dir='ltr'><strong>autem</strong></span> <span class='ocrx_word' id='word_1_298' title='bbox 1259 2732 1374 2796; x_wconf 89' lang='lat' dir='ltr'><strong>ipsa</strong></span> <span class='ocrx_word' id='word_1_299' title='bbox 1403 2729 1713 2782; x_wconf 85' lang='lat' dir='ltr'><strong>difficultatis</strong></span> <span class='ocrx_word' id='word_1_300' title='bbox 1749 2728 1963 2793; x_wconf 85' lang='lat' dir='ltr'><strong>habeat,</strong></span> <span class='ocrx_word' id='word_1_301' title='bbox 2004 2731 2080 2782; x_wconf 85' lang='lat' dir='ltr'><strong>vel</strong></span> <span class='ocrx_word' id='word_1_302' title='bbox 2107 2728 2230 2794; x_wconf 85' lang='lat' dir='ltr'><strong>quid</strong></span> 
     </span>
     <span class='ocr_line' id='line_1_34' title="bbox 353 2803 2228 2873; baseline 0.002 -20"><span class='ocrx_word' id='word_1_303' title='bbox 353 2804 406 2853; x_wconf 91' lang='lat' dir='ltr'><strong>in</strong></span> <span class='ocrx_word' id='word_1_304' title='bbox 436 2806 547 2872; x_wconf 89' lang='lat' dir='ltr'><strong>ipsa</strong></span> <span class='ocrx_word' id='word_1_305' title='bbox 577 2803 1004 2867; x_wconf 85' lang='lat' dir='ltr'><strong>desiderandum,</strong></span> <span class='ocrx_word' id='word_1_306' title='bbox 1045 2814 1102 2858; x_wconf 91' lang='lat' dir='ltr'><strong>ut</strong></span> <span class='ocrx_word' id='word_1_307' title='bbox 1130 2805 1196 2857; x_wconf 89' lang='lat' dir='ltr'><strong>ad</strong></span> <span class='ocrx_word' id='word_1_308' title='bbox 1223 2808 1471 2873; x_wconf 84' lang='lat' dir='ltr'><strong>integram</strong></span> <span class='ocrx_word' id='word_1_309' title='bbox 1501 2813 1550 2858; x_wconf 88' lang='lat' dir='ltr'><strong>et</strong></span> <span class='ocrx_word' id='word_1_310' title='bbox 1579 2815 1768 2859; x_wconf 86' lang='lat' dir='ltr'><strong>certam</strong></span> <span class='ocrx_word' id='word_1_311' title='bbox 1798 2822 2058 2859; x_wconf 83' lang='lat' dir='ltr'><strong>sacrorum</strong></span> <span class='ocrx_word' id='word_1_312' title='bbox 2080 2806 2228 2857; x_wconf 83' lang='lat' dir='ltr'><strong>codi—</strong></span> 
     </span>
     <span class='ocr_line' id='line_1_35' title="bbox 356 2883 2230 2950; baseline 0.001 -19"><span class='ocrx_word' id='word_1_313' title='bbox 356 2894 473 2931; x_wconf 89' lang='lat' dir='ltr'><strong>cum</strong></span> <span class='ocrx_word' id='word_1_314' title='bbox 500 2883 844 2949; x_wconf 85' lang='lat' dir='ltr'><strong>cognitionem</strong></span> <span class='ocrx_word' id='word_1_315' title='bbox 873 2897 969 2935; x_wconf 88' lang='lat' dir='ltr'><strong>nos</strong></span> <span class='ocrx_word' id='word_1_316' title='bbox 998 2883 1185 2936; x_wconf 87' lang='lat' dir='ltr'><strong>ducere</strong></span> <span class='ocrx_word' id='word_1_317' title='bbox 1212 2886 1404 2950; x_wconf 84' lang='lat' dir='ltr'><strong>possit,</strong></span> <span class='ocrx_word' id='word_1_318' title='bbox 1445 2884 1528 2936; x_wconf 82' lang='lat' dir='ltr'><strong>hic</strong></span> <span class='ocrx_word' id='word_1_319' title='bbox 1554 2885 1654 2935; x_wconf 85' lang='lat' dir='ltr'><strong>iam</strong></span> <span class='ocrx_word' id='word_1_320' title='bbox 1676 2884 1971 2937; x_wconf 88' lang='lat' dir='ltr'><strong>dicendum.</strong></span> <span class='ocrx_word' id='word_1_321' title='bbox 2041 2884 2230 2949; x_wconf 69' lang='lat' dir='ltr'><strong>Magna</strong></span> 
     </span>
     <span class='ocr_line' id='line_1_36' title="bbox 355 2959 2230 3029; baseline 0.002 -21"><span class='ocrx_word' id='word_1_322' title='bbox 355 2959 609 3024; x_wconf 83' lang='lat' dir='ltr'><strong>imprimis</strong></span> <span class='ocrx_word' id='word_1_323' title='bbox 644 2960 699 3011; x_wconf 88' lang='lat' dir='ltr'><strong>in</strong></span> <span class='ocrx_word' id='word_1_324' title='bbox 734 2960 829 3011; x_wconf 83' lang='lat' dir='ltr'><strong>hac</strong></span> <span class='ocrx_word' id='word_1_325' title='bbox 863 2960 1106 3013; x_wconf 82' lang='lat' dir='ltr'><strong>methodo</strong></span> <span class='ocrx_word' id='word_1_326' title='bbox 1140 2964 1303 3013; x_wconf 88' lang='lat' dir='ltr'><strong>oritur</strong></span> <span class='ocrx_word' id='word_1_327' title='bbox 1337 2959 1612 3013; x_wconf 79' lang='lat' dir='ltr'><strong>difficultas</strong></span> <span class='ocrx_word' id='word_1_328' title='bbox 1648 2977 1707 3014; x_wconf 85' lang='lat' dir='ltr'><strong>ex</strong></span> <span class='ocrx_word' id='word_1_329' title='bbox 1733 2978 1820 3027; x_wconf 86' lang='lat' dir='ltr'><strong>eo,</strong></span> <span class='ocrx_word' id='word_1_330' title='bbox 1860 2964 1996 3029; x_wconf 90' lang='lat' dir='ltr'><strong>quod</strong></span> <span class='ocrx_word' id='word_1_331' title='bbox 2025 2962 2230 3027; x_wconf 84' lang='lat' dir='ltr'><strong>linguae</strong></span> 
     </span>
    </p>
   </div>
   <div class='ocr_carea' id='block_1_3' title="bbox 359 3074 691 3083">
    <p class='ocr_par' dir='ltr' id='par_1_3' title="bbox 359 3074 691 3083">
     <span class='ocr_line' id='line_1_37' title="bbox 359 3074 691 3083; baseline 0 402"><span class='ocrx_word' id='word_1_332' title='bbox 359 3074 691 3083; x_wconf 95' lang='lat' dir='ltr'><strong> </strong></span> 
     </span>
    </p>
   </div>
   <div class='ocr_carea' id='block_1_4' title="bbox 460 3126 1087 3185">
    <p class='ocr_par' dir='ltr' id='par_1_4' title="bbox 460 3126 1087 3185">
     <span class='ocr_line' id='line_1_38' title="bbox 460 3126 1087 3185; baseline -0.002 -14"><span class='ocrx_word' id='word_1_333' title='bbox 460 3127 499 3177; x_wconf 76' lang='lat' dir='ltr'><strong>‘l</strong></span> <span class='ocrx_word' id='word_1_334' title='bbox 535 3126 633 3171; x_wconf 82' lang='lat' dir='ltr'><strong>Vid.</strong></span> <span class='ocrx_word' id='word_1_335' title='bbox 654 3139 755 3183; x_wconf 86' lang='lat' dir='ltr'><strong>cap.</strong></span> <span class='ocrx_word' id='word_1_336' title='bbox 774 3131 813 3171; x_wconf 76' lang='lat'><strong>9.</strong></span> <span class='ocrx_word' id='word_1_337' title='bbox 834 3134 882 3173; x_wconf 86' lang='lat' dir='ltr'><strong>et</strong></span> <span class='ocrx_word' id='word_1_338' title='bbox 900 3141 1002 3185; x_wconf 82' lang='lat' dir='ltr'><strong>cap.</strong></span> <span class='ocrx_word' id='word_1_339' title='bbox 1021 3131 1087 3171; x_wconf 83' lang='lat'><strong>12.</strong></span> 
     </span>
    </p>
   </div>
  </div>
 </body>
</html>
