2548 3485
1229 0 1337 9 -ᾑ,

379 152 499 217 192
766 158 1158 205 TnAc'rA‘rus
1195 156 1857 207 ΤΗΕοιοειεο-Ροιιτ.

373 340 663 407 proximum
686 344 948 407 tamquam
970 353 1025 390 se
1044 338 1219 405 ipsuin
1240 337 1427 405 diligit,
1447 353 1621 392 revera
1640 345 1720 390 est
1736 336 1987 391 obediens
2007 342 2056 389 ει
2075 350 2258 389 secun·

380 416 505 469 dum
524 414 691 483 legem'
710 415 921 481 heatus,
964 425 1015 467 ει
1034 417 1123 482 qui
1144 425 1318 468 contra
1337 416 1457 469 odio
1477 415 1635 469 habet
1662 416 1740 468 vel
1769 415 2014 481 negligit,
2053 415 2263 468 rebellis

378 503 457 546 est
476 501 527 545 et
546 500 837 545 contumax.
914 494 997 546 10.
1033 494 1271 561 Denique
1293 494 1432 561 apud
1453 508 1635 545 omnes
1654 496 1709 546 in
1731 493 1968 545 confesso
1990 500 2097 556 est,
2121 493 2264 545 Scri-

376 579 579 638 pturam
608 585 711 623 non
733 570 861 622 solis
882 571 1082 637 peritis,
1123 571 1213 622 sed
1236 570 1482 623 omnibus
1502 574 1882 637 cuiuscumque
1902 570 2082 622 aetatis
2102 576 2153 622 et
2171 584 2264 637 ge·-

376 650 518 701 neris
537 646 841 700 hominibus
870 649 1114 716 scriptam
1137 658 1187 699 ει
1204 646 1461 715 vulgatam
1493 649 1675 701 fuisse.
1747 650 1920 715 Atque
1940 664 2000 701 ex
2027 649 2110 700 his
2135 647 2264 699 solis

375 726 761 778 evidentissime
780 726 1043 791 sequitur,
1082 739 1179 777 nos
1208 740 1264 777 ex
1286 726 1584 793 Scripturae
1613 727 1762 779 iussu
1790 725 1916 777 nihil
1938 726 2077 777 aliud
2099 726 2262 777 teneri

376 802 609 867 credere,
636 816 790 868 quam
812 802 863 853 id
883 842 897 865 ,
930 802 1069 869 quod
1090 802 1153 854 ad
1173 801 1270 854 hoc
1291 802 1593 855 mandatum
1616 802 2002 870 exsequendum
2022 801 2264 854 absolute

377 880 731 931 necessarium
764 878 853 930 sit.
927 880 1100 942 Quare
1129 880 1225 931 hoc
1254 880 1427 946 ipsum
1457 880 1757 934 mandatum
1795 882 1952 933 unica
1990 887 2068 931 est
2105 879 2265 930 totius

376 955 498 1007 fidei
518 954 796 1008 catholicae
816 970 995 1007 norma
1010 995 1024 1020 ,
1048 965 1098 1008 et
1117 970 1209 1023 per
1229 956 1284 1007 id
1306 955 1476 1009 solum
1497 959 1668 1009 omnia
1691 954 1814 1009 fidei
1832 956 2067 1022 dogmata
2083 995 2096 1017 ,
2129 968 2264 1021 quae

378 1032 578 1084 scilicet
636 1034 1003 1099 unusquisque
1068 1031 1307 1099 amplecti
1362 1041 1596 1098 tenetur,
1675 1032 2064 1087 determinanda
2117 1039 2260 1084 sunt.

378 1109 463 1161 11.
504 1110 658 1173 Quod
686 1125 847 1176 quum
880 1110 1366 1162 manifestissimum
1397 1112 1495 1174 sit,
1538 1120 1589 1163 et
1606 1112 1726 1177 quia
1747 1125 1803 1163 ex
1826 1111 1922 1163 hoc
1941 1109 2053 1163 solo
2073 1109 2265 1161 funda-

376 1194 550 1238 mento
586 1187 663 1238 vel
702 1188 815 1239 sola
849 1189 1045 1238 ratione
1079 1188 1255 1239 omnia
1295 1188 1520 1255 legitime
1560 1194 1780 1255 possunt
1813 1187 2030 1251 deduci,
2072 1186 2265 1238 iudicet

376 1266 771 1331 unusquisque,
804 1265 893 1331 qui
914 1264 1025 1315 fieri
1046 1266 1237 1331 potuit,
1270 1272 1330 1318 ut
1348 1272 1422 1316 tot
1440 1265 1792 1318 dissensiones
1812 1265 1865 1316 in
1886 1265 2102 1317 ecclesia
2124 1271 2262 1315 ortae

375 1343 498 1404 sint,
514 1349 565 1395 et
583 1356 647 1392 an
669 1341 795 1393 aliae
816 1342 1078 1409 potuerint
1096 1356 1211 1394 esse
1232 1356 1610 1409 causae,quam
1629 1342 1836 1409 quaein
1856 1343 2000 1394 initio
2023 1342 2262 1410 eap.V11.

376 1417 541 1472 dictae
579 1426 721 1470 sunt.
814 1419 899 1473 12.
952 1418 1059 1471 Eae
1097 1420 1273 1485 itaque
1313 1421 1458 1486 ipsae
1507 1434 1590 1471 me
1640 1426 1830 1486 cogunt
1875 1418 1962 1471 hic
1996 1418 2262 1470 ostendere

374 1496 591 1547 modum
610 1504 662 1548 ει
682 1496 933 1548 rationem
955 1496 1335 1548 determinandi
1354 1512 1413 1548 ex
1432 1498 1530 1549 hoc
1551 1497 1761 1549 invento
1784 1496 2119 1548 fundamento
2140 1495 2260 1547 fidei

376 1572 642 1639 dogmata3
684 1587 805 1625 nam
828 1573 879 1623 ni
899 1572 996 1623 hoc
1017 1572 1183 1624 secero
1205 1588 1422 1640 remque
1442 1576 1600 1626 certis
1621 1573 1812 1640 regulis
1832 1573 2256 1635 determinavere,

376 1652 558 1703 merito
586 1650 764 1701 credar
793 1663 874 1700 me
902 1648 1006 1700 huc
1036 1664 1203 1717 usque
1232 1665 1414 1716 parum
1443 1653 1790 1717 promovisse,
1831 1648 2259 1716 qnandoquidem

375 1728 738 1794 unnsquisque
758 1726 1010 1792 quicquid
1031 1726 1153 1780 velit
1172 1727 1272 1781 suh
1293 1727 1392 1781 hoe
1412 1730 1566 1781 etiam
1581 1734 1869 1796 praetextu,
1895 1725 2035 1794 quod
2056 1726 2259 1780 scilicet

376 1804 607 1857 medium
644 1803 997 1856 necessarium
1038 1805 1106 1855 sit
1141 1804 1205 1856 ad
1246 1805 1626 1869 obedientiam,
1683 1805 2012 1858 introducere
2049 1805 2256 1872 poterit,

376 1881 677 1947 praesertim
706 1881 915 1947 quando
944 1880 1008 1932 de
1036 1879 1224 1933 divinis
1254 1882 1518 1935 attributis
1550 1885 1702 1935 fuerit
1732 1883 1985 1949 quaestio.
2069 1883 2152 1935 13.
2193 1881 2262 1932 Ut

376 1961 552 2024 itaque
579 1973 687 2010 rem
716 1966 873 2010 totam
905 1958 1084 2011 ordine
1113 1959 1412 2020 ostendam,
1453 1975 1482 2012 a
1494 1959 1638 2026 fidei
1664 1960 1967 2027 dqfinih'one
1985 1959 2256 2026 incipiam,

378 2049 511 2102 quae
530 2047 588 2086 ex
608 2035 705 2087 hoc
726 2035 844 2087 dato
865 2034 1204 2088 fundamento
1224 2037 1300 2105 sic
1320 2035 1522 2088 definiri
1545 2036 1725 2088 debet:
1764 2052 1950 2104 nempe
1970 2036 2107 2102 quod
2129 2035 2260 2088 nihil

378 2112 515 2164 aliud
556 2113 651 2176 sit,
692 2127 848 2178 quam
888 2111 951 2164 de
990 2115 1102 2166 Deo
1134 2113 1251 2165 talia
1291 2116 1514 2175 sentire,
1554 2112 1748 2180 quibus
1783 2115 2028 2180 ignoratis
2065 2111 2262 2164 tollitur

377 2203 494 2257 erga
520 2191 691 2241 Deum
718 2187 1041 2253 obedientia,
1080 2197 1131 2242 et
1157 2205 1290 2258 quae
1321 2192 1416 2243 hac
1445 2188 1733 2243 obedientia
1762 2191 1931 2258 posita
1968 2190 2258 2242 necessario

377 2275 661 2334 ponuntur.
736 2267 880 2331 Quae
918 2265 1149 2320 definitio
1187 2269 1316 2319 adeo
1353 2269 1485 2320 clara
1523 2275 1601 2320 est
1637 2275 1688 2320 et
1725 2267 1855 2319 adeo
1891 2267 2164 2320 manifeste
2199 2281 2259 2319 ex

379 2343 532 2395 modo
578 2344 945 2396 demonstratis
990 2347 1227 2411 sequitur
1250 2385 1264 2407 ‚
1322 2352 1380 2396 ut
1427 2344 1569 2397 nulla
1617 2346 1954 2412 explicatione
2005 2345 2255 2411 indigeat.

380 2422 461 2473 14.
495 2421 641 2484 Quae
671 2428 845 2472 autem
866 2437 925 2473 ex
944 2422 1125 2474 eadem
1146 2430 1437 2489 sequuntur
1453 2423 1636 2490 paucis
1657 2423 1758 2473 iam
1779 2421 2078 2483 ostendam3
2117 2422 2264 2475 vide-

377 2497 500 2549 licet
532 2499 580 2550 1.
618 2497 771 2549 fidem
802 2513 905 2549 non
934 2513 1028 2566 per
1056 2513 1142 2562 se,
1180 2498 1272 2550 sed
1298 2507 1496 2550 tantum
1520 2500 1714 2549 ratione
1735 2495 2057 2550 obedientiae
2076 2499 2266 2552 saluti-

380 2573 537 2626 feram
567 2587 711 2637 esse,
748 2575 855 2637 vel,
897 2583 955 2627 ut
980 2578 1051 2627 ait
1074 2575 1247 2628 Iacob.
1277 2577 1330 2630 2.
1360 2589 1493 2626 vers.
1519 2573 1633 2637 1⁷„
1673 2573 1828 2626 fldem
1855 2589 1954 2644 per
1979 2589 2038 2626 se
2065 2574 2263 2644 absque

378 2651 625 2719 operibus
646 2658 902 2705 mortuam
924 2667 1069 2714 esse3
1091 2667 1194 2719 qua
1215 2652 1278 2704 de
1301 2667 1354 2706 re
1372 2651 1486 2704 vide
1507 2659 1673 2702 totum
1691 2652 1852 2704 huius
1875 2653 2097 2720 apostoli
2118 2667 2263 2720 prae-

378 2729 573 2782 dictum
594 2736 767 2796 caput.
840 2731 908 2780 ΙΙ.
939 2729 1203 2795 Sequitur,
1243 2730 1382 2796 quod
1402 2732 1468 2792 is,
1509 2729 1735 2796 quivere
1757 2737 1836 2781 est
1853 2727 2125 2793 obediens,
2165 2745 2262 2781 ne-

378 2809 605 2858 cessario
624 2821 794 2858 veram
816 2813 867 2858 et
886 2805 1205 2859 salutiferam
1225 2806 1382 2859 habet
1410 2806 1584 2858 fldem.
1661 2805 1742 2859 15.
1784 2806 2092 2858 ohedientia
2122 2807 2259 2858 enim

378 2885 549 2954 posi-ta
570 2891 621 2936 et
642 2881 795 2934 fidem
817 2883 1109 2936 necessario
1130 2885 1253 2950 poni
1273 2884 1499 2936 diximus
1513 2923 1527 2948 ‚
1550 2882 1691 2950 quod
1712 2883 1868 2936 etiam
1889 2883 2029 2935 idem
2050 2891 2262 2951 aposto-

379 2962 461 3012 lus
490 2975 605 3026 cap.
637 2962 690 3014 2.
720 2975 767 3012 v.
792 2961 876 3014 18.
906 2975 1143 3028 expresse
1173 2963 1271 3023 ait3
1323 2975 1510 3029 nempe
1536 2957 1647 3014 hl's:
1695 2960 1906 3013 ostende
1939 2961 2073 3012 milti
2088 2961 2262 3030 fldem

381 3043 528 3088 tuam
544 3039 750 3104 ,absque
778 3039 1052 3104 operibus,
1092 3043 1148 3090 ot
1174 3053 1276 3104 ego
1304 3038 1573 3090 ostendam
1609 3041 1710 3091 tibi
1745 3056 1818 3091 σω
1851 3040 2096 3105 operibus
2127 3039 2260 3088 meis

365 3112 537 3180 fidem
552 3128 753 3178 meam5
790 3121 842 3166 ει
856 3115 1120 3168 Iohannes
1139 3116 1193 3166 in
1214 3116 1367 3182 epist.
1388 3117 1434 3169 1.
1454 3130 1568 3186 cap.
1591 3118 1646 3169 4.
1667 3130 1800 3171 vers.
1823 3115 1875 3170 ⁷.
1897 3118 1979 3169 8.:
2015 3116 2257 3184 quisquis
