2548 3485
1201 0 1279 11 --,„.„

323 145 448 207 210
725 148 1116 197 uaeramus
1155 148 1807 197 Tunomfflcomour.

323 342 382 381 ea
401 328 690 381 necessario
708 330 940 394 sequitur
954 364 967 389 ‚
1000 326 1266 381 neminem
1286 325 1485 393 absque
1505 326 1624 379 dolo
1635 324 1692 392 ³⁸)
1711 327 2097 393 promissurum
2113 364 2128 388 ,
2157 339 2216 377 se

321 407 462 471 iure,
512 404 651 472 quod
692 405 747 456 in
782 406 955 457 omnia
992 404 1177 465 habet,
1226 418 1531 465 cessurum,
1587 410 1637 455 et
1673 403 1915 456 absolute·
1951 404 2215 456 neminem

322 483 593 551 promissis
628 488 911 545 staturum,
954 483 1055 533 nisi
1096 496 1157 535 ex
1192 490 1334 533 metu
1374 480 1586 534 maioris
1621 480 1746 533 mali
1775 481 1854 533 vel
1881 494 1975 547 spe
2004 482 2215 532 maioris

320 560 467 613 boni.
542 559 627 611 17.
668 558 822 623 Quod
860 566 918 610 ut
954 560 1145 611 melius
1180 559 1524 624 intelligatur,
1563 565 1810 624 ponatur,
1849 558 2102 609 latronem
2131 572 2214 609 me

322 650 532 703 cogere,
570 643 630 689 ut
646 637 696 688 ei
714 636 1038 702 promittam,
1080 651 1163 690 me
1182 650 1299 690 mea
1320 637 1481 697 bona,
1521 632 1614 685 ubi
1633 635 1782 697 velit,
1823 636 1926 701 ipsi
1947 634 2210 687 daturum.

321 716 432 765 Iam
454 711 877 779 quandoquidem
894 750 909 774 ,
949 720 1009 764 ut
1025 715 1128 765 iam
1150 714 1385 776 ostendi,
1417 727 1591 763 meum
1614 713 1696 763 ius
1715 711 1948 763 naturale
1969 712 2079 762 sola
2099 726 2215 765 mea

324 791 551 858 potentia
580 789 988 852 determinatur,
1025 796 1222 842 certum
1254 799 1360 854 est,
1401 789 1540 854 quod
1573 790 1620 839 si
1651 802 1866 855 possum
1897 788 2014 839 dolo
2041 802 2127 839 me
2151 788 2216 841 ab

322 869 421 919 hoc
456 867 655 919 latrone
692 865 939 927 liberare,
993 867 1094 933 ipsi
1133 868 1382 933 quicquid
1417 866 1538 918 velit
1571 865 1943 932 promittendo,
1995 865 2125 917 mibi
2162 866 2217 917 id

330 952 543 1000 naturae
576 943 691 993 iure
729 941 899 995 facere
934 943 1117 1005 licere,
1158 944 1287 997 dolo
1325 944 1525 995 scilicet
1557 942 1806 1009 quicquid
1843 942 1962 994 velit
1997 943 2216 1009 pacisci.

331 1021 417 1075 18.
454 1020 551 1073 Vel
568 1025 819 1087 ponatur,
861 1033 943 1071 me
963 1018 1162 1086 absque
1183 1020 1368 1074 fraude
1387 1019 1540 1073 alicui
1568 1021 1897 1085 promisisse,
1939 1034 2020 1071 me
2049 1020 2218 1087 spatio

327 1097 505 1164 viginti
524 1098 729 1150 dierum
752 1110 855 1149 non
876 1104 1207 1162 gustaturum
1230 1096 1408 1149 cibum
1429 1110 1598 1163 neque
1619 1097 1783 1149 ullum
1805 1097 2127 1158 alimentum,
2168 1107 2219 1147 et

327 1183 509 1243 postea
538 1173 755 1236 vidisse,
796 1188 881 1225 me
916 1174 1077 1225 stulte
1116 1174 1447 1241 promisisse,
1486 1188 1582 1225 nec
1616 1176 1732 1225 sine
1767 1174 1958 1225 damno
1997 1174 2218 1225 maximo

328 1259 465 1305 stare
490 1251 752 1318 promisso
782 1265 968 1317 posse,
1006 1250 1430 1316 quandoquidem
1457 1266 1517 1304 ex
1543 1251 1656 1302 iure
1687 1251 1908 1301 naturali
1928 1250 1992 1300 de
2009 1249 2219 1301 duobus

328 1329 485 1381 malis
502 1329 679 1382 minus
700 1328 889 1393 eligere
910 1335 1113 1391 teneor,
1153 1342 1370 1394 possum
1401 1342 1520 1393 ergo
1546 1342 1754 1381 summo
1781 1329 1890 1378 iure
1919 1327 2070 1381 fldem
2103 1328 2220 1379 talis

328 1407 467 1473 pacti
488 1420 759 1471 rumpere,
797 1412 849 1457 et
869 1405 1061 1460 dictum
1080 1404 1336 1458 indictum
1357 1411 1415 1456 ut
1431 1406 1527 1466 eit,
1566 1405 1754 1456 facere.
1789 1405 1896 1456 49.
1928 1405 2102 1471 Atque
2120 1404 2220 1457 boc

328 1484 543 1550 iuquam
560 1484 671 1534 iure
694 1481 912 1535 naturali
930 1481 1112 1544 licere,
1146 1483 1255 1533 slve
1276 1495 1390 1533 vera
1409 1489 1462 1532 et
1479 1489 1616 1533 certa
1635 1483 1832 1536 ratione
1849 1481 2048 1533 videam
2064 1520 2077 1544 ,
2110 1482 2218 1534 sive

332 1576 391 1615 ex
409 1560 655 1628 opinione
673 1557 845 1611 videre
863 1557 1059 1622 videar,
1095 1572 1178 1609 me
1198 1558 1333 1609 male
1353 1560 1684 1623 promisisse;
1723 1560 1831 1611 sive
1851 1559 1990 1611 enim
2009 1559 2062 1609 id
2081 1572 2218 1622 vere,

331 1641 439 1690 sive
479 1636 609 1689 falso
643 1634 876 1696 videam,
914 1636 1195 1685 maximum
1234 1634 1431 1686 timebo
1467 1636 1692 1697 malum,
1730 1635 1974 1701 quodque
2001 1634 2132 1686 adeo
2159 1650 2217 1687 ex

333 1721 545 1767 naturae
563 1712 801 1766 instituto
818 1710 1133 1764 omnimodo
1155 1712 1312 1764 vitare
1331 1711 1576 1765 conabor.
1649 1712 1738 1768 20.
1774 1712 1846 1765 Ex
1875 1712 2068 1779 quibus
2087 1726 2218 1768 con-

334 1789 596 1842 cludimus
610 1829 626 1852 ,
668 1795 877 1856 pactum
899 1788 1094 1843 nullam
1114 1791 1217 1840 vim
1236 1789 1427 1842 habere
1447 1805 1600 1858 posse
1621 1791 1722 1841 nisi
1743 1791 1938 1843 ratione
1957 1791 2214 1853 utilitatiS,

335 1881 437 1933 qua
464 1866 669 1918 sublata
693 1871 901 1932 pactum
932 1866 1095 1918 simul
1120 1866 1315 1919 tollitur
1334 1874 1385 1919 et
1402 1869 1606 1919 irritum
1627 1876 1829 1931 manet;
1867 1882 1927 1919 ac
1947 1876 2216 1936 propterea

335 1943 491 1996 stulte
524 1943 739 1996 alteriue
774 1940 929 1994 fidem
966 1944 1021 1994 iu
1061 1950 1328 1998 aeternum
1367 1943 1470 1996 eibi
1504 1943 1734 2009 aliquem
1773 1946 2121 2011 expostulare,
2170 1945 2216 1996 si

336 2018 494 2074 simul
528 2033 631 2072 nou
670 2027 887 2072 conatur
923 2019 1147 2081 efficere,
1208 2028 1265 2074 ut
1310 2035 1368 2072 ex
1403 2021 1642 2088 ruptione
1679 2023 1813 2088 pacti
1851 2021 2064 2074 ineundi
2101 2021 2218 2089 plus

337 2097 512 2149 damni
544 2110 698 2162 quam
729 2097 969 2150 utilitatis
996 2105 1257 2163 ruptorem
1295 2105 1570 2163 sequatur:
1618 2100 1759 2164 quod
1795 2099 2004 2166 quidem
2042 2100 2096 2149 in
2133 2112 2220 2148 re·—

335 2173 543 2242 publica
561 2174 878 2228 instituenda
901 2175 1117 2226 maxime
1138 2175 1311 2228 locum
1331 2173 1520 2226 babere
1541 2174 1713 2228 debet.
1770 2177 1856 2230 21.
1881 2177 1952 2228 At
1969 2176 2017 2226 si
2035 2187 2218 2226 omnes

336 2251 574 2304 homines
592 2251 741 2308 facile
762 2251 875 2303 solo
895 2250 1054 2304 ductu
1076 2253 1288 2303 rationis
1307 2250 1430 2304 duci
1451 2261 1693 2318 possent,
1732 2266 2098 2318 summamque
2116 2253 2220 2304 rei-

336 2327 574 2395 publicae
610 2328 881 2385 utilitatem
917 2334 969 2380 et
1003 2329 1368 2382 necessitatem
1406 2344 1647 2394 noscere,
1697 2331 1876 2381 nullus
1909 2336 2078 2391 esset,
2129 2330 2222 2396 qui

340 2403 487 2456 dolos
513 2419 727 2470 prorsus
755 2419 861 2458 nou
886 2405 1257 2470 detestaretur3
1297 2405 1390 2458 sed
1419 2419 1604 2458 omnes
1633 2421 1838 2460 summa
1869 2421 1988 2458 cum
2026 2405 2127 2457 fide
2163 2419 2222 2460 ex

339 2479 617 2547 cupiditate
652 2483 845 2535 summi
881 2482 1037 2534 buius
1066 2482 1221 2546 boni,
1262 2497 1450 2550 nempe
1477 2483 1792 2551 reipublicae
1817 2481 2218 2546 conservandae,

338 2559 501 2626 pactis
518 2559 729 2610 omnino
748 2565 958 2623 starent,
986 2566 1036 2612 et
1054 2559 1229 2624 fidem,
1262 2575 1530 2613 summum
1548 2559 1860 2628 reipublicae
1879 2559 2216 2627 praesidium,

440 2746 485 2800 ·)
513 2745 569 2790 In
594 2749 720 2790 statu
746 2743 869 2794 civili
923 2744 1007 2790 ubi
1027 2745 1264 2791 communi
1293 2747 1396 2792 iure
1415 2747 1706 2802 decernitur,
1736 2745 1848 2804 quid
1875 2745 2080 2803 bouum,
2109 2747 2221 2806 quid

339 2805 518 2852 malum
546 2805 632 2862 ait,
661 2810 789 2852 recte
816 2805 877 2851 do
895 2817 951 2851 us
978 2806 1279 2862 distinguitur
1304 2807 1353 2852 in
1379 2807 1558 2852 bonum
1585 2813 1634 2851 et
1661 2807 1855 2852 malum.
1911 2806 2002 2851 Sed
2031 2807 2078 2851 in
2097 2813 2223 2852 atatu

340 2864 568 2921 naturali,
598 2864 681 2912 ubi
708 2865 1032 2924 uuusquisque
1066 2867 1140 2911 eui
1169 2866 1308 2912 iudex
1335 2874 1408 2912 eat
1433 2879 1768 2925 summumque
1794 2869 1870 2912 ius
1899 2866 2066 2918 babet,
2093 2866 2224 2923 leget

341 2925 433 2969 sibi
452 2925 800 2981 praescribendi
821 2931 868 2971 et
885 2925 1247 2981 interpretandi,
1277 2926 1374 2970 imo
1393 2927 1552 2982 etiam,
1581 2931 1720 2982 prout
1739 2927 1828 2972 sibi
1849 2926 2009 2970 utilius
2029 2925 2221 2983 iudicat,

343 2984 625 3041 abrogandi,
654 2984 721 3030 ibi
757 2996 871 3030 sane
906 2985 1089 3041 concipi
1126 2997 1219 3030 non
1254 2991 1436 3041 potest,
1466 2997 1753 3044 quemquam
1790 2986 1902 3031 dolo
1929 2984 2054 3030 malo
2082 2996 2222 3042 agere

346 3042 512 3094 (Gall-2
542 3045 659 3088 dana
688 3048 763 3090 cet
790 3044 886 3089 etat
911 3043 944 3088 il
969 3049 1089 3089 n'eat
1106 3057 1190 3101 pas
1211 3045 1523 3104 concanbio,
1553 3059 1644 3103 que
1664 3046 1709 3092 la
1730 3046 1894 3092 fraude
1913 3044 2072 3101 puisse
2091 3046 2222 3092 avoir

343 3101 467 3160 lieu,
495 3113 541 3148 ιιι
560 3102 675 3160 qu’il
692 3105 759 3160 s’y
780 3109 939 3150 trouve
960 3105 1019 3151 dc
1036 3103 1242 3156 malice).
1301 3101 1390 3161 Sp.
