2548 3485
1110 160 1249 206 cap,
1303 160 1448 205 xm.
2093 144 2225 212 ¹18⁷

338 337 531 389 obieeit
548 376 563 401 ‚
602 336 743 404 quod
770 338 883 390 loeo
911 339 1199 406 promissae
1224 338 1413 389 salutis
1432 334 1739 389 Iudaeorum
1764 350 1843 388 res
1863 334 1915 403 in
1937 334 2085 403 peius
2107 350 2226 387 mu-

338 416 539 467 taverit.
614 416 702 468 ¹5.-
740 416 920 480 Quum
952 416 1127 483 itaque
1154 424 1329 482 patres
1349 414 1446 466 Dei
1474 412 1734 480 singulare
1749 426 1940 465 nomen
1959 415 2227 479 ignorave-

337 494 459 555 rint,
484 492 685 559 bocque
698 494 840 545 Deus
854 494 991 546 Mosi
1011 493 1148 545 dicat
1168 494 1360 543 factum
1381 492 1446 543 ad
1467 499 1646 543 eorum
1667 492 1823 542 animi
1844 488 2223 557 simplieitatem

340 578 391 621 et
420 569 576 621 fidem
604 570 949 633 laudandam,
987 570 1252 636 simulque
1284 568 1348 621 ad
1379 568 1878 620 commemorandam
1911 566 2222 634 'singularem

339 650 553 712 gratiam
580 649 715 700 Masi
744 661 1044 699 concessam
1063 686 1078 709 ,
1115 645 1235 697 hine
1266 644 1651 698 evidentissime
1685 646 1949 711 sequitur,
1989 646 2044 696 id
2081 645 2222 711 quod

338 726 505 791 primo
526 726 637 775 loeo
654 727 951 787 statuimus,
973 723 1213 775 homines
1234 736 1294 775 ex
1311 722 1556 775 mandato
1577 738 1678 774 non
1699 724 1860 774 teneri
1870 722 1968 774 Dei
1984 721 2225 774 attributa

340 814 677 867 cognoscere,
716 802 810 853 sed
850 802 946 853 boc
982 801 1241 869 peculiare
1277 814 1394 852 esse
1433 800 1629 853 donum
1667 800 1983 867 quibusdam
2025 803 2223 849 tantum

340 876 581 930 fideiibus
608 892 945 940 cencessum3
984 892 1080 929 nec
1109 892 1294 945 operae
1333 878 1559 945 pretium
1587 884 1667 930 est
1694 878 1791 929 hoe
1819 876 2058 943 pluribus
2085 876 2228 927 Seri-

340 962 517 1021 pturae
538 956 849 1008 testimoniis
870 955 1161 1007 ostendere.
1238 956 1321 1007 16.
1362 954 1496 1018 Quis
1517 956 1654 1007 enim
1674 969 1778 1006 non
1798 952 1962 1017 videt,
2003 952 2225 1005 divinam

342 1034 687 1097 cognitionem
707 1048 811 1085 non
832 1032 995 1085 fuisse
1016 1032 1263 1084 omnibus
1287 1030 1533 1083 fidelibus
1555 1030 1824 1099 aequalem
1839 1070 1853 1095 ,
1894 1038 1945 1083 et
1965 1030 2224 1082 neminem

342 1123 495 1176 posse
516 1125 573 1161 ex
592 1109 836 1161 mandato
856 1110 1143 1176 sapientem
1162 1124 1300 1171 esse,
1319 1124 1420 1161 non
1441 1110 1626 1175 magis,
1643 1122 1802 1177 quam
1821 1110 1988 1161 vivere
2005 1115 2058 1159 et
2077 1102 2232 1159 esse?

346 1188 479 1247 Viri,
520 1184 789 1249 mulieres,
830 1188 974 1254 pueri
1004 1194 1055 1237 et
1080 1200 1263 1237 omnes
1294 1200 1353 1238 ex
1377 1186 1621 1245 mandato
1641 1186 1994 1252 obtemperare
2016 1184 2229 1251 quidem

346 1277 507 1329 aeque
526 1271 749 1330 possunt
765 1304 778 1325 ,
818 1279 922 1315 non
947 1272 1119 1315 autem
1140 1278 1339 1330 sapere.
1417 1265 1501 1316 17.
1541 1264 1693 1326 Quod
1713 1265 1756 1314 si
1778 1263 1899 1329 quis
1918 1262 2080 1325 dicat,
2121 1276 2226 1311 non

346 1354 460 1391 esse
480 1340 691 1406 quidem
711 1356 861 1408 opus,
902 1342 997 1393 Dei
1017 1340 1256 1392 attributa
1276 1340 1583 1406 intelligere,
1627 1349 1678 1391 at
1698 1340 1906 1391 omnino
1928 1338 2231 1405 simpliciter

350 1417 551 1483 absque
571 1418 1004 1469 demonstratione
1034 1418 1241 1469 credere
1258 1457 1271 1479 ,
1313 1419 1357 1468 is
1377 1432 1501 1469 sane
1521 1416 1818 1483 nugabitur.
1891 1418 2022 1467 Nam
2046 1429 2128 1466 res
2147 1414 2231 1464 in-

344 1494 577 1549 visibiles
608 1502 657 1545 et
686 1508 822 1561 quae
858 1495 1024 1546 soiius
1063 1495 1251 1545 mentis
1286 1501 1410 1545 sunt
1445 1494 1676 1557 obiecta,
1714 1492 1874 1545 nullis
1911 1493 2027 1543 aliis
2066 1490 2230 1543 oculis

344 1570 502 1622 videri
532 1578 780 1637 possunt,
823 1576 978 1637 quam
1012 1585 1106 1638 per
1138 1571 1624 1624 demonstrationes.
1699 1572 1801 1634 Qui
1821 1572 1997 1636 itaque
2017 1582 2104 1621 eas
2121 1581 2231 1619 non

342 1646 537 1699 habent
551 1688 565 1710 ‚
596 1647 726 1700 nibil
750 1648 930 1699 barum
951 1663 1123 1699 rerum
1144 1649 1297 1716 plane
1318 1648 1522 1711 vident;
1563 1657 1716 1715 atque
1748 1648 1876 1700 adeo
1897 1646 2145 1714 quicquid
2166 1646 2230 1697 de

344 1724 612 1778 similibus
631 1726 865 1778 auditum
888 1724 1139 1790 referunt,
1186 1742 1289 1778 non
1311 1728 1471 1793 magis
1491 1741 1670 1779 eorum
1693 1734 1920 1778 mentem
1941 1726 2106 1790 tangit
2123 1724 2231 1776 sive

348 1803 565 1865 indicat,
606 1818 760 1869 quam
792 1802 941 1856 verba
974 1805 1179 1870 psittaci
1222 1804 1302 1857 vel
1339 1806 1610 1867 automati,
1654 1819 1787 1871 quae
1825 1805 1935 1855 sine
1975 1809 2146 1854 mente
2182 1807 2234 1851 et

348 1893 505 1934 sensu
526 1881 829 1946 loquuntur.
905 1881 989 1933 18.
1029 1883 1219 1933 Verum
1242 1888 1520 1945 antequam
1549 1881 1769 1932 ulterius
1799 1893 2034 1947 pergam,
2075 1879 2234 1929 ratio-

352 1971 470 2007 nem
492 1955 659 2007 dicere
680 1965 883 2022 teneor,
926 1959 1089 2024 curin
1112 1959 1300 2009 Genesi
1322 1971 1478 2023 saepe
1498 1956 1705 2020 dicitur,
1748 1957 1887 2023 quod
1909 1955 2234 2008 Patriarebae

350 2035 561 2085 nomine
584 2032 774 2085 Jebova
805 2035 1235 2100 praedicaverint,
1277 2034 1416 2100 quod
1443 2032 1597 2101 plane
1627 2035 1728 2085 iam
1762 2034 1916 2085 dietis
1945 2045 2230 2098 repugnare

350 2111 568 2162 videtur.
640 2110 743 2162 Sed
763 2113 807 2162 si
830 2111 894 2162 ad
915 2111 1001 2162 itta
1019 2151 1032 2174 ,
1064 2127 1196 2178 quae
1215 2125 1330 2178 cap.
1353 2112 1406 2162 8.
1430 2110 1822 2177 ostendimus*)
1837 2150 1851 2173 ,
1885 2111 2229 2170 attendamus,

348 2187 497 2248 facite
517 2187 643 2238 baec
662 2188 935 2239 conciliare
957 2191 1263 2254 poterimus.
1337 2189 1396 2239 In
1421 2186 1680 2255 praedicto
1702 2187 1840 2237 enim
1860 2201 1975 2253 cap.
1999 2183 2232 2238 ostendi-

350 2278 471 2318 mus
498 2265 799 2330 scriptorem
821 2265 1159 2317 Pentateucbi
1183 2279 1265 2317 res
1287 2273 1338 2318 et
1353 2265 1465 2317 loca
1484 2279 1585 2317 non
1607 2262 1790 2315 iisdem
1810 2265 2042 2330 praecise
2063 2264 2233 2314 nomi-

354 2341 505 2392 nibus
524 2342 769 2404 indicare,
794 2356 929 2408 quae
950 2342 1130 2394 eodem
1154 2351 1400 2410 tempore,
1423 2341 1488 2394 de
1507 2355 1612 2408 quo
1631 2341 1880 2406 loquitur,
1907 2340 2231 2403 obtinebant,

352 2418 445 2468 sed
464 2419 547 2487 iis,
572 2418 771 2484 quibus
786 2427 1021 2486 tempore
1038 2421 1310 2487 scriptoris
1329 2420 1517 2472 meiius
1537 2422 1890 2473 innotuerant.
1966 2419 2050 2471 19.
2091 2417 2236 2470 Deus

356 2497 511 2561 igitur
537 2497 586 2546 in
609 2497 795 2548 Genesi
816 2497 1123 2548 Patriarebis
1148 2497 1475 2564 praedicatus
1507 2498 1718 2550 nomine
1739 2496 1924 2550 lebova
1953 2495 2232 2557 indicatur,

354 2586 458 2621 non
490 2573 610 2638 quia
648 2574 885 2639 patribus
911 2573 1011 2625 hoe
1040 2576 1253 2626 nomine
1284 2575 1601 2637 innotuerat,
1642 2575 1735 2626 sed
1769 2575 1890 2640 quia
1921 2573 2016 2624 boc
2043 2586 2235 2625 nomen

354 2646 494 2715 apud
514 2649 731 2702 Iudaeos
752 2664 987 2702 summae
1008 2659 1118 2702 erat
1135 2653 1463 2703 reverentiae.
1535 2653 1650 2704 Hoc
1665 2692 1678 2713 ,
1720 2654 1929 2717 inquam
1947 2690 1961 2711 ,
1995 2663 2238 2701 neeessa-

354 2727 432 2776 rio
452 2727 727 2779 dicendum
744 2767 757 2790 ,
796 2728 1223 2794 quandoquidem
1252 2729 1307 2779 in
1335 2728 1628 2798 hoccnostro
1645 2735 1782 2781 textu
1805 2727 1967 2778 Exodi
1999 2737 2237 2791 expresse

353 2805 567 2866 dieitur,
621 2806 787 2856 Deum
837 2805 933 2856 hoc
970 2806 1179 2857 nomine
1226 2819 1329 2857 non
1377 2805 1542 2857 fuisse
1589 2805 1852 2871 cognitum
1898 2801 2236 2866 Patriarchis,

354 2887 406 2932 et
432 2883 587 2934 etiam
624 2879 766 2947 quod
796 2882 957 2933 Exodi
995 2896 1109 2950 cap.
1143 2881 1191 2944 3,
1222 2881 1305 2934 13.
1337 2883 1515 2936 Moses
1545 2881 1641 2933 Dei
1679 2895 1870 2932 nomen
1901 2881 2032 2930 seire
2063 2881 2233 2946 eupit:

356 2958 495 3024 quod
522 2959 567 3010 si
594 2964 743 3010 antea
770 2966 956 3012 notum
982 2959 1193 3022 fuisset,
1234 2959 1424 3011 suisset
1449 2957 1632 3011 saltem
1661 2966 1713 3010 et
1736 2957 1838 3023 ipsi
1859 2957 2010 3008 etiam
2032 2965 2234 3008 notum.

460 3129 503 3181 ⁸)
536 3127 639 3173 vid.
662 3139 764 3184 cap.
784 3129 824 3173 8.
847 3131 889 3183 8.
909 3131 949 3172 4.
972 3141 1077 3187 sqq.
