2548 3485
1053 159 1220 205 mar.
1273 160 1461 205 xvm.
2086 152 2211 213 24⁷

331 338 483 397 nunt,
497 346 600 385 non
621 331 738 397 fide,
751 332 849 387 sed
863 332 1216 389 imbecillitate
1227 335 1543 388 Iudaeorum
1560 334 1731 387 securi
1748 334 1869 388 iacti
1885 335 1961 403 ι).
1984 334 2210 388 17.Nam

333 411 511 479 paucis
541 419 662 479 post
687 412 864 474 annis,
903 412 1216 465 Iudaeorum
1243 412 1442 465 viribus
1469 412 1702 475 resectiS,
1740 427 1929 465 novum
1959 410 2213 479 proelium

331 501 516 541 rursus
552 488 906 551 committunt,
955 491 1010 542 in
1048 505 1152 556 quo
1185 491 1376 543 iterum
1412 490 1671 543 Ismiilitae
1706 491 1919 542 victores
1966 488 2209 551 evadunt,

332 570 539 617 centum
567 571 618 616 et
644 566 822 632 viginti
848 566 1009 619 millia
1038 568 1349 621 Iudaeorum
1366 567 1649 629 trucidant,
1688 568 1934 619 mulieres
1952 573 2003 619 et
2018 564 2215 617 liberos

332 656 510 693 eorum
531 656 699 709 usque
718 642 782 695 ad
803 642 1024 697 ducenta
1043 645 1206 697 millia
1223 645 1451 711 captivos
1471 642 1687 707 ducunt,
1700 658 2044 712 magnamque
2062 656 2215 709 prae-

333 719 452 771 dam
479 720 666 771 iterum
687 721 893 786 rapiunt
905 722 992 789 ²),
978 738 992 751 ·
1028 729 1186 788 atque
1203 722 1287 775 liis
1306 730 1357 773 et
1372 721 1489 773 aliis
1507 722 1735 789 proellis,
1758 737 1891 789 quae
1910 723 1965 773 in
1982 720 2213 772 historiis
2306 745 2317 770 ι

334 795 497 849 obiter
539 804 842 859 narrantur,
890 801 1182 866 consumpti
1229 798 1420 865 praeda
1465 800 1673 851 tandem
1708 798 1949 851 hostibus
1985 797 2213 849 fuerunt.

339 874 421 925 18.
458 872 658 925 Deinde
686 876 733 925 si
762 876 918 927 etiam
945 881 1174 943 tempora
1207 884 1443 943 reputare
1468 876 1717 941 velimuS,
1755 876 1951 943 quibus
1977 874 2216 926 absoluta

313 993 323 1005 .
335 964 460 1017 pace
477 949 579 1003 frui
597 950 766 1013 licuit,
798 966 1038 1017 magnam
1058 946 1375 1019 reperiemus
1395 954 1815 1021 discrepantiam.
1890 952 2055 1021 Saepe
2074 952 2217 1003 enim

336 1034 454 1079 ante
472 1042 618 1094 reges
648 1026 1086 1097 quadraginw),
1120 1036 1170 1081 et
1195 1031 1359 1082 semel
1386 1029 1553 1097 (quod
1582 1032 1722 1082 omni
1750 1030 1993 1097 opinione
2018 1028 2219 1095 maius)

337 1104 590 1171 octoginta
617 1120 782 1160 annos
809 1106 922 1157 sine
949 1104 1086 1159 bello
1125 1114 1331 1159 externo
1359 1108 1434 1160 vel
1464 1108 1667 1159 interno
1698 1108 2017 1159 concorditer
2044 1113 2218 1157 trans·-

339 1189 555 1249 egerunt
570 1182 646 1249 ⁴).
722 1181 804 1233 19.
841 1182 910 1233 At
941 1190 1212 1250 postquam
1235 1199 1383 1251 reges
1402 1185 1675 1251 imperium
1702 1184 1876 1251 adepti
1903 1190 2052 1247 sunt,
2093 1183 2217 1249 quia

337 1273 440 1310 non
467 1259 690 1325 amplius
717 1264 776 1310 ut
802 1267 950 1313 antea
981 1275 1073 1327 pro
1102 1275 1224 1326 pace
1245 1268 1295 1312 et
1312 1261 1571 1323 libertate,
1611 1262 1706 1313 sed
1724 1277 1817 1327 pro
1836 1261 1994 1328 gloria
2015 1267 2219 1312 certan-

337 1334 464 1387 dum
483 1341 590 1387 crat
602 1374 617 1398 ,
638 1350 819 1388 omnes
838 1343 1040 1404 praeter
1056 1352 1220 1389 unum
1240 1337 1571 1390 Salomonem
1590 1338 1768 1406 (cuius
1786 1340 1946 1390 virtus
1959 1377 1974 1401 ,
2004 1338 2219 1404 sapien—

337 1414 420 1475 tia,
436 1412 656 1475 scilicet,
691 1414 880 1465 melius
907 1416 959 1465 i'n
982 1428 1131 1481 pace,
1173 1430 1333 1481 quam
1353 1416 1405 1466 in
1425 1414 1561 1467 bello
1581 1423 1816 1467 constare
1835 1414 2059 1483 poterat)
2081 1414 2218 1465 bella

339 1490 566 1555 gessisse
610 1488 852 1554 legimns.
925 1492 1164 1550 ‚Accessit
1211 1492 1399 1545 deinde
1446 1491 1715 1545 exitiabilis
1752 1492 1999 1558 regnandi
2034 1490 2216 1553 libido,

339 1580 470 1634 quae
489 1566 752 1633 plerisque
771 1570 866 1620 iter
885 1568 948 1621 ad
967 1583 1184 1635 regnum
1204 1570 1487 1622 admodum
1508 1576 1777 1621 cruentum
1799 1570 1937 1621 fecit.
1992 1568 2079 1623 20.
2108 1568 2219 1618 De-

339 1646 498 1711 nique
524 1644 662 1709 leges
692 1647 905 1698 durante
933 1647 1114 1713 populi
1144 1661 1301 1711 regno
1329 1648 1650 1713 incorruptae
1680 1652 1981 1698 manserunt
2006 1651 2058 1696 et
2093 1656 2219 1694 con-

339 1725 562 1776 stantius
591 1724 888 1780 observatae
917 1722 1146 1777 suerunt.
1217 1724 1351 1776 Nam
1379 1730 1495 1777 ante
1524 1738 1671 1792 reges
1689 1722 1992 1790 paucissimi
2012 1720 2221 1773 suerunt

339 1801 648 1869 propbetas,
686 1803 778 1870 qui
813 1801 1064 1870 populum
1103 1808 1398 1864 monerent;
1437 1808 1557 1868 post
1591 1801 1811 1853 electum
1848 1807 2020 1852 autem
2047 1813 2219 1864 regem

337 1880 582 1946 permulti
609 1881 766 1934 simul
797 1879 1025 1930 fuerunt.
1095 1877 1363 1934 Robadias
1394 1892 1619 1944 namque
1636 1886 1844 1930 centum
1864 1894 1893 1930 a
1911 1877 2067 1928 caede
2084 1875 2221 1927 libe-

340 1957 464 2007 ravit
489 1971 686 2026 eosque
713 1955 1067 2018 abscondidit,
1107 1969 1171 2008 ne
1199 1969 1319 2006 cum
1348 1954 1563 2020 reliquis
1597 1955 1953 2008 occiderentur
1966 1953 2041 2022 ⁵).
2112 1955 2221 2005 Nec

340 2032 575 2088 videmus
613 2035 755 2102 quod
783 2032 1009 2103 populns
1039 2031 1159 2084 ullis
1186 2031 1335 2084 falsis
1369 2032 1635 2100 prophetis
1673 2033 1919 2098 deceptus
1955 2030 2076 2090 suit,
2117 2030 2221 2081 nisi

338 2117 618 2177 postquam
635 2111 910 2179 imperium
932 2107 1140 2175 regibus
1159 2109 1334 2171 cessit,
1367 2106 1561 2176 qulbus
1583 2109 1815 2176 plerique
1835 2107 2083 2161 assentari
2103 2111 2221 2158 stu-

341 2186 482 2238 dent.
555 2190 644 2243 21.
681 2188 832 2241 Adde
863 2186 1002 2253 quod
1032 2187 1287 2252 populuS,
1328 2187 1479 2238 cuius
1499 2185 1806 2253 plerumque
1826 2187 2035 2237 animus
2055 2198 2147 2250 pro
2166 2197 2221 2234 re

341 2271 458 2315 nata
485 2279 708 2332 magnus
732 2267 813 2320 vel
842 2263 1056 2316 humilis
1075 2271 1178 2326 est,
1222 2263 1371 2315 facile
1390 2263 1519 2314 sein
1540 2261 1917 2314 calamitatibus
1936 2259 2222 2326 corrigebat

340 2347 391 2391 et
417 2341 480 2393 ad
506 2343 676 2394 Deum
706 2339 1054 2406 convertebat,
1093 2340 1341 2406 legesque
1366 2338 1699 2401 restituebat,
1738 2347 1789 2392 et
1816 2339 1913 2391 hoc
1931 2337 2089 2390 modo
2104 2351 2223 2389 sese

339 2417 494 2470 etiam
532 2421 676 2471 omni
713 2418 940 2486 periculo
975 2415 1293 2484 expediebat.
1369 2418 1555 2468 Contra
1590 2431 1736 2482 reges
1745 2455 1762 2482 ‚
1803 2430 2023 2483 quorum
2061 2416 2221 2466 animi

341 2509 544 2562 semper
561 2511 724 2562 aeque
743 2496 858 2548 elati
879 2503 1018 2556 sunt,
1042 2508 1139 2546 nec
1157 2495 1293 2546 flecti
1312 2493 1509 2559 absque
1529 2493 1811 2560 ignominia
1830 2499 2069 2561 possunt,
2102 2507 2221 2559 per-

341 2573 574 2638 tinaciter
592 2574 728 2626 vitiis
747 2573 1094 2624 adhaeserunt
1111 2585 1281 2636 usque
1300 2571 1363 2622 ad
1384 2585 1688 2638 supremum
1710 2571 1855 2624 urbis
1876 2570 2149 2623 excidium.

440 2651 526 2702 22.
565 2649 641 2703 Ex
667 2650 748 2702 bis
777 2649 1058 2708 clarissime
1091 2647 1355 2712 videmus,
1394 2651 1439 2701 1.
1474 2663 1631 2715 quam
1651 2641 1998 2717 perniciosum
2019 2657 2071 2701 et
2098 2649 2223 2700 reli-

339 2726 480 2792 gioni
499 2735 549 2778 et
568 2727 881 2794 reipublicae
899 2727 994 2789 sit,
1033 2738 1299 2778 sacrorum
1320 2727 1571 2778 ministris
1587 2727 1673 2780 ius
1691 2726 1901 2794 aliquod
1924 2727 2221 2780 decretandi

441 2873 485 2921 1)
509 2869 612 2914 Vid.
631 2873 660 2911 2
677 2868 846 2914 Chron.
865 2871 934 2925 25,
953 2871 1018 2910 21.
1040 2881 1144 2925 sqq.

440 2931 488 2983 2)
513 2929 615 2974 Vid.
635 2931 663 2970 2
681 2928 850 2974 Chron.
871 2931 938 2985 28,
960 2931 1002 2973 5.
1022 2940 1126 2986 sqq.

441 2991 488 3040 3)
513 2989 616 3034 Vid.
639 2990 786 3034 ludic.
807 2991 850 3044 8,
871 2993 936 3032 11.
957 2991 998 3045 5,
1017 2991 1085 3032 ³1.

440 3051 487 3102 ⁴)
515 3049 615 3092 Vid.
642 3048 788 3094 ludic.
809 3051 852 3105 3,
871 3051 943 3092 30.

442 3110 486 3161 ⁵)
515 3109 614 3155 Via.
635 3111 662 3150 2
679 3109 792 3165 Reg.
813 3111 880 3164 18,
899 3111 938 3150 4.
965 3110 1028 3151 ia.
