2548 3485
1080 200 1219 246 ou.
1268 165 1410 246 'vnn
2063 199 2181 258 133
2279 205 2302 254 χ
2362 236 2385 257 s

406 380 493 432 34.
532 379 683 432 Nune
696 385 904 446 tempus
926 385 1023 440 est,
1064 385 1121 430 ut
1140 377 1367 446 reliquos
1386 379 1536 430 etiam
1559 380 1927 431 examinemus.
1961 371 1966 376 ’
1998 380 2184 432 [omae

304 458 497 510 librum
524 455 786 508 similibus
814 457 967 508 etiam
1005 454 1292 508 rationibus
1329 457 1623 509 ostenditur
1655 471 1758 508 non
1795 471 1912 508 esse
1947 467 2186 522 autogra-

302 535 463 603 phon.
534 534 689 587 Alius
727 535 865 586 enim
900 539 1005 595 est,
1045 534 1135 599 qui
1166 532 1230 583 de
1256 534 1412 585 Iosua
1440 540 1680 599 testatur,
1721 534 1861 600 quod
1899 536 2010 586 eius
2049 533 2185 584 fama

302 613 456 664 fuerit
478 626 571 680 per
587 618 745 663 totam
768 611 1003 663 tellurem
1023 609 1163 676 (vide
1182 623 1297 676 cap.
1311 609 1360 662 6.
1385 611 1664 678 νοτο.27.),
1702 611 1840 678 quod
1863 611 1984 662 nihii
2007 626 2183 662 eorum

304 690 553 752 omiserit,
577 703 713 756 quae
731 689 909 740 Moses
928 694 1253 754 praeceperat
1271 685 1412 753 (vide
1431 701 1564 740 vers.
1578 687 1673 740 ult.
1694 702 1807 754 cap.
1821 688 1873 740 8.
1901 696 1950 738 et
1969 703 2081 755 cap.
2098 689 2183 740 11.

305 765 618 834 verS.15.)‚
658 764 798 832 quod
838 765 1069 816 senuerit
1103 777 1390 830 omnesque
1426 765 1480 816 in
1517 766 1818 816 concionem
1851 765 2103 817 vocaverit
2138 771 2188 816 et

305 843 443 910 qnod
465 842 675 896 tandem
695 844 921 895 animam
943 841 1102 906 egerit
1116 840 1192 908 ¹).
1263 841 1351 892 35.
1386 842 1588 894 Deinde
1620 843 1771 894 etiam
1792 843 2044 908 quaedam
2066 857 2186 893 narc-

304 929 507 985 rontur‚
548 933 683 988 quae
702 926 825 986 post
842 914 1009 985 ipsius
1030 925 1247 969 mortem
1266 920 1619 984 contigerunt:
1659 919 1891 972 videlieet
1909 919 2048 986 quod
2068 927 2190 986 post

303 1001 415 1050 eius
456 1005 673 1049 mortem
710 995 975 1047 Israelitae
1008 995 1179 1046 Deum
1216 994 1511 1061 coluerunt,
1570 995 1818 1064 quamdiu
1855 1011 2040 1058 senes,
2096 997 2188 1061 qui

252 1117 259 1122 .
303 1077 479 1143 ipsum
502 1080 766 1136 noverant,
789 1073 1023 1124 vixerunt
1033 1072 1119 1140 ²);
1160 1079 1211 1122 et
1228 1086 1343 1139 cap.
1370 1074 1453 1126 16.
1475 1087 1608 1124 vers·
1637 1076 1720 1127 10.
1744 1073 1884 1139 quod
1907 1073 2184 1140 (Ephraim

303 1159 354 1205 et
372 1151 645 1219 manasse)
670 1165 777 1202 non
800 1149 1120 1217 expulemmt
1148 1147 1533 1202 Canoeltam'tam
1560 1151 1885 1202 habitantem
1908 1153 1967 1201 in
1997 1149 2182 1214 Gazam

301 1230 405 1300 sed⁴
422 1227 622 1298 (addit)
652 1227 799 1294 quod
823 1223 1157 1280 Cana'ltanita
1182 1229 1326 1278 inter
1349 1225 1610 1293 Ephraim
1638 1227 1902 1279 habitavit
1933 1243 2097 1295 usque
2130 1229 2188 1276 in

303 1309 441 1358 huno
470 1306 607 1356 diem
626 1305 815 1372 otfiait
831 1305 1171 1356 tributarius.
1244 1303 1331 1354 36.
1370 1303 1524 1366 Quod
1547 1303 1684 1356 idem
1702 1305 1878 1371 ipsum
1899 1312 2004 1366 est,
2047 1301 2188 1370 quod

302 1382 437 1450 libro
454 1381 691 1434 Indicum
711 1395 827 1448 cap.
853 1382 902 1434 1.
924 1387 1187 1442 narratur,
1227 1387 1280 1432 et
1307 1381 1494 1432 modus
1523 1382 1674 1434 etiam
1705 1382 1949 1448 loquendi
1977 1383 2034 1432 tn
2051 1383 2188 1432 launo

302 1475 470 1528 mque
498 1459 639 1510 diem
673 1457 927 1522 ostendit,
966 1459 1269 1524 scriptorem
1309 1472 1417 1509 rem
1453 1459 1718 1524 antiquam
1757 1473 1978 1511 narrare.
2049 1457 2189 1513 fluis

306 1539 459 1590 etiam
486 1537 777 1588 consimilis
795 1542 874 1587 est
898 1542 1067 1586 textus
1086 1549 1201 1601 eap.
1225 1536 1309 1586 15.
1331 1549 1464 1604 νοτε.
1487 1535 1581 1588 ult.
1605 1537 1670 1588 de
1698 1536 1818 1588 filiis
1843 1533 2068 1586 lehudae
2084 1572 2098 1596 ,
2138 1541 2190 1586 et

302 1613 521 1666 historia
535 1611 724 1666 Kalebi
746 1627 807 1664 ex
822 1619 954 1664 νοτε.
967 1612 1050 1665 13.
1073 1612 1245 1663 eius'd.
1267 1626 1378 1678 cap.
1398 1611 1450 1674 ³)
1520 1613 1606 1666 3⁷.
1644 1615 1713 1664 Et
1732 1627 1884 1675 casus
1905 1611 1988 1664 iile
2008 1612 2183 1672 etiam,

304 1693 395 1759 qui
413 1705 529 1759 οη).
548 1691 639 1746 22.
662 1705 723 1742 ex
740 1704 873 1742 vers.
897 1689 975 1742 10.
998 1697 1098 1742 ete.
1129 1697 1364 1753 narratur
1381 1689 1446 1741 de
1467 1690 1674 1742 duabus
1693 1689 1938 1744 tribubus
1954 1695 2006 1742 et
2025 1689 2188 1740 dimi-

305 1765 419 1831 dia,
457 1782 591 1836 quae
622 1782 764 1821 eram
789 1766 927 1821 *ultra
954 1765 1229 1819 Iordanem
1257 1768 1677 1832 aedificaverunt,
1719 1775 2078 1835 postmortem
2097 1768 2188 1819 10-

305 1860 431 1900 suae
460 1846 743 1911 contigisse
772 1841 1003 1905 videtur}
1044 1845 1469 1911 quandoquidem
1501 1847 1554 1897 in
1585 1854 1688 1897 tota
1708 1846 1795 1898 illa
1815 1845 2024 1897 historia
2045 1843 2188 1895 nulla

306 1925 491 1974 losuae
518 1920 793 1989 iitmentio
808 1959 823 1984 ,
864 1919 956 1972 sed
975 1922 1121 1973 solus
1140 1922 1366 1989 populus
1386 1922 1580 1975 bellum
1601 1938 1774 1989 gerere
1795 1922 2068 1984 deliberat,
2107 1920 2189 1972 le-
2238 1985 2242 1990 ι

306 2008 453 2065 gatos
476 2000 631 2051 mittit
646 2036 660 2061 ‚
701 2012 983 2065 eorumque
1012 2012 1322 2065 responsum
1343 2006 1600 2065 exspectat
1619 2007 1670 2051 et
1688 2001 1894 2052 tandem
1916 1997 2184 2065 approbat.

306 2076 392 2129 38.
430 2078 667 2142 Denique
690 2090 749 2127 ex
768 2090 883 2144 cap.
908 2076 992 2129 10.
1014 2089 1147 2128 vers.
1171 2077 1256 2141 14.
1279 2076 1538 2128 evidenter
1556 2078 1807 2143 sequitur,
1840 2075 1976 2127 huno
1992 2074 2188 2127 librum

307 2154 484 2206 multis
514 2161 633 2220 post
658 2154 868 2204 Iosuam
896 2152 1121 2205 saeculis
1145 2152 1399 2219 seriptum
1418 2152 1604 2206 fuisse.
1678 2155 1764 2206 Sie
1781 2154 1920 2205 enim
1944 2158 2184 2203 testatur:
2263 2166 2268 2171 ·

304 2231 481 2284 nullus
508 2231 649 2283 alius
663 2268 676 2289 ‚
714 2232 879 2283 sicuti
901 2230 994 2282 ille
1020 2230 1157 2293 dies,
1180 2230 1311 2296 ficit
1333 2246 1431 2281 neo
1457 2239 1617 2283 antea
1642 2248 1810 2299 neque
1831 2232 2044 2297 postea,
2083 2243 2188 2295 quo

306 2308 453 2360 Deus
478 2307 605 2375 (ita)
636 2307 871 2358 obedit-et
898 2310 1145 2379 cuiquam
1172 2312 1273 2359 ete.
1348 2307 1404 2359 Si
1443 2322 1596 2374 quem
1634 2309 1789 2375 igitur
1814 2306 2006 2358 librum
2033 2308 2191 2360 losua

310 2399 541 2450 unquam
562 2384 787 2449 scripsit,
813 2383 911 2435 fuit
928 2398 1054 2437 sane
1072 2384 1177 2444 ille,
1200 2384 1293 2450 qui
1313 2378 1426 2452 eap'.
1453 2385 1536 2438 10.
1557 2400 1690 2437 vers·
1715 2386 1798 2437 13.
1821 2386 1872 2437 in
1895 2384 1989 2435 hac
2007 2384 2189 2437 eadem

310 2462 503 2533 seilicet
528 2461 740 2513 historia
770 2461 955 2513 citatur
970 2464 1043 2527 ⁴³).
1115 2462 1202 2515 39.
1238 2461 1460 2515 Librum
1479 2469 1649 2514 autem
1668 2462 1910 2514 Indicum
1929 2462 2188 2513 neminem

310 2552 466 2589 sanae
492 2538 681 2611 mentis
710 2536 812 2590 sibi
842 2538 1155 2605 persuadere
1172 2539 1326 2591 eredo
1343 2578 1357 2602 ,
1396 2540 1460 2592 ab
1481 2540 1612 2605 ipsis
1632 2538 1895 2593 iudicibus
1915 2552 2031 2591 esse
2050 2539 2186 2589 seri-

307 2623 478 2681 ptum.
549 2614 799 2683 Epilogus
820 2616 957 2668 enim
979 2614 1135 2669 totius
1156 2615 1416 2680 historiae,
1441 2617 1531 2683 qui
1551 2615 1770 2669 habetur
1787 2606 1901 2683 cap.
1922 2618 2032 2677 21„
2054 2613 2187 2666 clare

310 2692 558 2754 ostendit,
616 2706 739 2743 eum
786 2700 951 2744 totum
993 2692 1057 2745 ab
1104 2707 1209 2745 uno
1254 2692 1368 2745 solo
1413 2694 1656 2746 historico
1699 2694 1950 2761 scriptum
1999 2690 2185 2742 fuisse.

308 2768 508 2822 Deinde
543 2768 665 2836 qnia
701 2771 815 2821 eius
850 2771 1068 2838 seriptor
1104 2785 1257 2838 saepe
1295 2778 1496 2834 monet,
1548 2771 1689 2838 quod
1727 2771 1828 2823 iliis
1864 2766 2188 2837 temporibus

411 2966 453 3017 ι)
492 2963 595 3009 Vid.
614 2975 717 3020 cap.
736 2964 806 3007 23.
826 2970 873 3008 et
887 2966 955 3007 24.

408 3027 457 3077 2)
493 3024 595 3083 νῆά.
615 3024 711 3085 ¹⁰⁸.-
732 3034 774 3069 ο.
794 3025 861 3066 2⁴.
881 3036 923 3069 ν.
942 3026 1012 3067 31.

410 3087 456 3136 3)
494 3084 626 3130 Conf.
649 3083 797 3129 ludio.
818 3095 857 3129 ο.
878 3088 919 3129 1.
938 3097 979 3136 ν.
1002 3086 1067 3128 1⁰.
1087 3096 1191 3142 sqq.
1261 3152 1268 3158 .

312 3214 317 3217 ‚
412 3162 455 3214 t)
490 3162 531 3205 i..
562 3173 604 3205 e.
652 3151 832 3247 Ἶῐξξζι
856 3160 989 3247 -ιςρ
