2548 3485
371 1029 438 1074 11.

353 1089 445 1134 111.

371 1209 449 1254 lv.
459 1213 464 1219 ’

283 1421 289 1426 ,
362 1388 440 1433 Vl.

333 1447 439 1492 vn.

311 1507 438 1554 vul.

356 1747 438 1818 ix.

362 2048 446 2093 xl.

336 2226 445 2272 ΧΠ.

319 2376 454 2451 'xxm

321 2584 441 2629 le.

355 2704 451 2749 XV.

329 2884 449 2931 XVI.

296 3002 442 3053 xvn.

633 617 1833 724 {NnEx-GAP1TUM.

1073 824 1407 848 —⁸-—

493 970 564 1015 De
583 967 846 1026 prophetia.
893 1020 898 1025 ,

493 1030 562 1075 De
581 1028 839 1085 prophetis

497 1089 568 1134 De
586 1088 912 1134 Hebraeorum
939 1089 1206 1148 vocatione3
1243 1094 1293 1134 et
1316 1101 1377 1134 an
1406 1055 1580 1134 donum
1598 1088 1924 1145 propheticum
1943 1087 2173 1146 Hebraeis

500 1147 736 1204 peculiare
757 1148 914 1194 fuerit.

502 1207 574 1252 De
591 1207 693 1264 lege
713 1209 881 1255 divina.

494 1267 565 1313 De
592 1269 799 1325 ratione,
837 1280 922 1313 cur
949 1246 1243 1313 ceremoniae
1271 1269 1512 1314 institutae
1540 1269 1735 1318 fuerint,
1774 1275 1821 1312 et
1839 1268 1897 1312 de
1916 1267 2007 1312 lide
2025 1268 2175 1313 bisto-

499 1329 702 1386 riarum,
739 1340 908 1386 nempe
927 1340 1019 1386 qua
1039 1329 1221 1374 ratione
1240 1335 1288 1374 et
1305 1329 1478 1386 quibus
1498 1341 1553 1374 ea
1574 1328 1839 1374 necessaria
1858 1328 1933 1374 sit.

495 1387 565 1432 De
583 1387 840 1434 miraculis-

493 1447 564 1491 De
583 1447 964 1504 interpretatione
984 1448 1265 1504 scripturae

495 1508 550 1554 ln
578 1520 673 1566 quo
692 1509 966 1564 ostenditur,
987 1507 1338 1553 Pentateucbon
1358 1514 1405 1553 et
1422 1505 1569 1554 libros
1590 1508 1785 1563 iosuae,
1808 1495 2048 1563 iudicum,
2067 1506 2176 1560 llut,

501 1567 732 1614 Samuelis
771 1575 818 1613 et
841 1540 1020 1624 Regum
1058 1578 1151 1612 non
1189 1579 1293 1612 esse
1328 1569 1633 1625 autographa
1697 1567 1875 1614 Deinde
1912 1567 2177 1624 inquiritur,

475 1641 561 1674 -an
597 1640 760 1674 eorum
793 1639 1003 1676 omnium
1031 1627 1283 1683 scriptore!
1310 1627 1469 1685 plures
1497 1628 1697 1688 fuerint,
1734 1641 1795 1675 811
1830 1639 1951 1673 unul
1979 1632 2177 1683 mutum,

502 1694 549 1733 et
565 1689 774 1747 quinam.

492 1749 562 1794 De
590 1749 757 1793 iisdem
784 1747 920 1794 libris
939 1745 1031 1793 alia
1051 1748 1376 1807 inquiruntur,
1406 1762 1575 1807 nempe
1593 1762 1653 1795 an
1671 1749 1847 1795 Hezras
1878 1750 1933 1795 iis
1962 1747 2177 1793 ultimam

500 1820 692 1853 manum
711 1808 1014 1865 imposuerit;
1053 1814 1101 1853 et
1116 1809 1287 1854 deinde
1306 1815 1463 1855 utrum
1484 1817 1622 1855 notae
1640 1809 1949 1867 marginalem
1986 1807 2176 1865 quaein

501 1868 730 1914 Hebraeis
749 1866 992 1913 codicibus
1013 1871 1327 1925 reperiuntur,
1349 1870 1505 1914 variae
1526 1870 1699 1915 fuerint
1715 1870 1959 1915 lectiones.

500 1927 686 1985 Reliqui
721 1929 890 1973 veteris
927 1930 1191 1973 testamenti
1230 1928 1338 1974 libri
1376 1930 1543 1975 eodem
1582 1931 1749 1988 modo,
1786 1942 1883 1988 quo
1910 1929 2177 1985 superiores

502 1988 844 2033 examinantur.

500 2048 784 2105 inquiritur,
824 2060 884 2092 an
912 2047 1112 2104 apostoli
1140 2048 1364 2105 epistolas
1391 2062 1501 2095 suas
1522 2055 1743 2107 tanquam
1764 2048 1964 2107 apostoli
1994 2054 2042 2093 et
2066 2059 2179 2105 pro-

500 2107 696 2164 phetae,
736 2119 795 2152 au
822 2120 930 2152 vero
959 2116 1182 2165 tanquam
1212 2108 1429 2154 doctores
1448 2110 1732 2165 scripserint.
1788 2108 1968 2155 Deinde
1986 2114 2180 2187 aposto-

502 2166 656 2212 lorum
679 2140 889 2212 officium
909 2168 1185 2213 ostenditur.

500 2226 570 2271 De
588 2237 700 2271 vero
725 2225 845 2283 legis
873 2226 1057 2273 divinae
1084 2227 1374 2284 syngrapho,
1412 2236 1568 2286 etqua
1590 2228 1771 2273 ratione
1786 2226 2017 2285 scriptura
2044 2238 2179 2273 sacra

502 2292 710 2341 vocatur,
731 2292 780 2333 et
795 2298 890 2344 qua
907 2288 1089 2333 ratione
1106 2287 1303 2334 verbum
1314 2288 1426 2346 Βοὴ
1448 2294 1496 2333 et
1512 2290 1713 2346 denique
1730 2286 1991 2333 ostenditur
2010 2288 2179 2343 ipsam,

500 2352 732 2403 quatenus
749 2346 946 2392 verbum
965 2348 1050 2393 Dei
1071 2350 1293 2406 continet,
1323 2348 1640 2405 incorruptam
1661 2348 1720 2393 ad
1739 2358 1825 2393 nos
1844 2347 2126 2403 pervenisse.

510 2406 780 2451 Ostenditur
799 2404 1084 2465 Scripturam
1113 2420 1206 2452 non
1225 2408 1315 2453 nisi
1334 2407 1681 2479 simplicissima
1712 2408 1908 2464 docere,
1938 2418 2025 2453 nec
2053 2407 2181 2455 aliud

502 2473 688 2522 praeter
715 2466 1032 2512 obedientiam
1061 2468 1325 2524 intendere3
1364 2480 1451 2514 nec
1478 2469 1537 2513 de
1562 2464 1715 2513 divina
1744 2474 1911 2513 natura
1938 2466 2064 2513 aliud
2093 2468 2181 2521 do-

501 2536 626 2583 cere,
645 2538 788 2597 quam
808 2528 932 2585 quod
954 2527 1166 2573 homines
1187 2533 1315 2573 certa
1335 2528 1517 2573 vivendi
1536 2528 1717 2573 ratione
1734 2528 1906 2574 imitari
1927 2534 2137 2585 possunt.

495 2584 615 2641 Quid
636 2586 698 2630 sit
713 2584 855 2643 fides,
877 2586 1068 2643 quinam
1089 2584 1268 2633 fideles.
1324 2587 1453 2633 Fidei
1475 2588 1776 2633 fundamenta
1796 2588 2180 2644 determinantur,

501 2652 548 2689 et
566 2645 667 2701 ipsa
687 2659 714 2692 a
734 2646 1028 2704 philosophia
1049 2648 1236 2692 tandem
1257 2653 1520 2707 separatur.

506 2705 604 2750 Nec
654 2706 937 2763 theologiam
992 2708 1187 2763 rationi,
1245 2719 1333 2752 nec
1368 2709 1597 2753 rationem
1643 2706 1909 2763 theologiae
1952 2705 2180 2753 ancillari.

504 2764 776 2811 ostenditur
809 2773 856 2811 et
892 2767 1038 2826 ratio,
1076 2778 1170 2824 qua
1205 2767 1343 2813 nobis
1378 2761 1543 2813 sacrae
1569 2768 1831 2825 scripturae
1856 2766 2180 2814 auctoritatem

501 2826 854 2881 persuademus.

505 2884 576 2930 De
605 2885 894 2941 reipublicae
924 2888 1267 2945 tundamentis,
1298 2888 1356 2932 de
1383 2888 1484 2933 iure
1511 2888 1882 2944 uniuscuiusque
1906 2886 2107 2935 naturali
2136 2894 2183 2932 et
2234 2936 2249 2944 ,

503 2944 652 3000 civili,
674 2946 825 3003 deque
842 2959 1136 2993 summarum
1153 2952 1439 3003 potestatum
1458 2948 1575 2993 iure.

498 2977 794 3065 ostenditur,
833 3008 1068 3053 neminem
1095 3008 1251 3053 omnia
1282 3008 1329 3051 in
1356 3018 1592 3053 summam
1618 3012 1897 3064 potestatem
1926 3006 2181 3053 transferre

503 3076 660 3121 posse,
680 3076 768 3111 nec
785 3079 892 3113 esse
909 3079 1117 3115 necesse
1154 3067 1225 3121 De
1242 3066 1485 3124 republica
1506 3065 1848 3121 Hebraeorum,
1866 3066 2020 3123 qualis
2040 3066 2158 3109 fueri
2164 3072 2183 3107 t

503 3126 681 3171 vivente
693 3126 840 3185 Mose,
861 3126 1014 3185 qualis
1033 3133 1140 3184 post
1156 3128 1256 3173 eius
1277 3133 1493 3184 mortem,
1514 3131 1767 3183 antequam
1787 3136 1919 3181 reges
1937 3125 2175 3180 elegerint,
