2548 3485
359 198 484 261 242
761 202 1153 249 macru-us
1191 203 1843 253 THEoLofflco·PoL1T.

359 395 575 447 magnae
606 382 919 433 mutationes
945 394 1234 447 magnaque
1260 380 1325 433 ad
1356 382 1528 433 omnia
1556 381 1791 444 licentia,
1828 383 1979 435 luxus
2000 389 2051 435 et
2069 396 2249 435 socor-

359 458 442 510 dia
458 498 472 521 ,
511 456 704 525 quibus
724 460 896 510 omnia
915 460 970 509 in
991 458 1220 511 deterius
1239 461 1313 510 ire
1333 466 1641 525 coeperunt,
1680 460 1845 511 donee
1862 474 2019 528 saepe
2034 460 2243 513 subacti

359 536 445 587 ius
476 535 707 588 divinum
727 537 880 605 plane
903 544 1159 602 ruperunt
1179 544 1228 587 et
1248 550 1417 603 regem
1438 536 1708 589 mortalem
1728 537 2029 599 voluerunt,
2074 546 2132 588 nt
2150 540 2246 589 im-

357 612 489 680 perii
520 614 655 679 regia
683 628 786 665 non
815 614 1065 679 templum
1083 654 1096 675 ‚
1139 614 1231 665 sed
1263 615 1379 666 aula
1400 622 1564 679 esset,
1608 622 1659 665 et
1678 620 1735 671 nt
1752 628 1935 666 omnes
1954 614 2121 665 tribus
2140 630 2246 666 non

360 690 584 758 amplius
622 691 752 741 iuris
791 690 946 742 divini
986 698 1035 741 et
1073 690 1432 757 pontificatus,
1476 690 1567 743 sed
1595 706 1774 757 regum
1806 700 2043 757 respectu
2073 693 2248 743 conci-

360 782 449 820 ves
469 773 737 819 manerent
757 768 833 835 ¹).
894 768 1012 819 107.
1035 766 1108 819 At
1125 768 1246 819 hinc
1267 770 1451 835 ingens
1468 763 1683 820 materia
1707 771 1852 819 novis
1874 768 2213 821 seditionibus
2232 786 2244 829 ;

256 898 265 907 ,
363 859 423 897 ex
448 844 645 911 quihus
673 844 826 895 etiam
858 846 1062 896 tandem
1084 846 1289 911 imperii
1324 847 1484 897 totius
1514 846 1664 897 ruina
1690 852 1913 911 sequuta
1943 854 2039 897 est.
2110 848 2242 897 Nam

363 920 488 989 quid
515 920 657 971 aliud
687 936 836 987 ,reges
864 923 1040 973 minus
1065 922 1196 988 ferre
1225 930 1474 989 possunt,
1515 937 1672 989 quam
1700 924 1929 989 precario
1956 936 2166 989 regnare
2198 930 2248 973 et

360 1000 636 1065 imperium
657 1000 713 1049 in
732 1000 950 1065 imperio
969 994 1112 1066 pati?
1148 999 1252 1062 Qui
1271 1000 1428 1067 primi
1451 1013 1509 1051 ex
1528 1001 1735 1067 privatis
1754 1000 1901 1052 electi
1922 1007 2063 1059 sunt,
2084 998 2247 1065 gradu

363 1075 649 1140 dignitatis,
673 1074 735 1127 ad
757 1091 914 1142 quem
933 1076 1288 1141 ascenderant,
1314 1080 1539 1129 contenti
1560 1076 1787 1129 fuerunt.
1856 1076 1973 1129 108.
2012 1076 2079 1126 At
2099 1082 2249 1142 post—

363 1166 522 1219 quam
561 1152 654 1204 filii
688 1154 800 1205 iure
835 1155 1190 1205 successionis
1230 1168 1388 1220 regno
1416 1156 1565 1221 potiti
1604 1162 1756 1216 sunt,
1798 1155 1970 1205 omnia
2001 1154 2248 1221 paulatim

363 1237 564 1281 mutare
582 1238 887 1297 coeperunt,
917 1238 977 1281 ut
997 1246 1150 1283 omne
1169 1232 1252 1282 ius
1271 1232 1475 1297 imperii
1498 1232 1596 1283 soli
1617 1239 1875 1294 tenerent,
1904 1246 2008 1296 quo
2030 1232 2247 1283 maxima

363 1322 422 1359 ex
449 1312 594 1374 parte
619 1306 888 1371 carebant,
931 1324 1086 1375 quam
1116 1308 1206 1361 dtu
1234 1309 1320 1359 ius
1348 1307 1520 1375 legum
1553 1308 1617 1359 ab
1638 1309 1825 1361 iisdem
1848 1324 1949 1360 non
1970 1308 2246 1376 pendebat,

364 1383 458 1435 sed
491 1398 522 1436 a
549 1384 821 1451 pontifice,
861 1386 953 1452 qni
981 1399 1070 1437 eas
1097 1386 1152 1437 in
1181 1386 1407 1437 sacrario
1432 1382 1783 1447 custodiebat,
1828 1400 2020 1452 easque
2056 1385 2250 1452 populo

363 1463 822 1529 interpretabatur3
873 1462 1106 1528 adeoque
1145 1469 1411 1529 tamquam
1447 1462 1646 1513 subditi
1682 1462 1886 1527 legibus
1924 1460 2247 1523 tenebantur,

367 1554 465 1592 nee
493 1540 605 1593 iure
633 1555 721 1592 eas
747 1540 992 1605 abrogare
1009 1546 1271 1606 poterant,
1296 1540 1372 1590 vel
1397 1553 1555 1591 novas
1576 1540 1776 1606 aequati
1799 1542 2099 1591 auctoritate
2118 1552 2251 1590 eon-

367 1618 516 1677 dere;
558 1616 746 1669 deinde
766 1618 888 1682 qnia
907 1618 992 1667 ius
1010 1617 1299 1668 Levitarum
1320 1630 1465 1681 reges
1484 1632 1649 1683 aeque
1670 1631 1729 1668 ac
1746 1615 1985 1669 subditos
1994 1655 2012 1683 ‚
2050 1622 2111 1667 ut
2126 1630 2252 1682 pro-

367 1694 548 1760 fanos,
584 1706 726 1745 sacra
765 1694 1124 1745 administrare
1163 1691 1492 1759 prohibebam
1533 1701 1583 1746 et
1611 1693 1835 1760 denique
1870 1696 1991 1761 quta
2026 1700 2132 1746 tota
2167 1693 2253 1745 sui

368 1772 577 1838 imperii
605 1771 856 1822 securitas
885 1785 914 1821 a
941 1771 1051 1822 sola
1069 1770 1331 1822 voluntate
1352 1773 1541 1834 uniuS,
1580 1773 1670 1838 qui
1692 1771 1947 1840 propheta·
1960 1770 2249 1832 videbatur,

369 1846 646 1916 pendebat,
669 1847 822 1898 cuius
840 1847 913 1898 rei
933 1846 1160 1914 exempla
1179 1847 1437 1899 viderant:
1476 1849 1721 1900 nimirum
1744 1855 1935 1916 quanta
1955 1863 2073 1900 cum
2092 1847 2255 1898 liber—

371 1932 474 1976 tate
485 1923 861 1976 SamuelSaulo
879 1924 1055 1976 omnia
1075 1924 1378 1992 imperabat,
1396 1933 1446 1976 et
1464 1941 1619 1991 quam
1640 1926 1785 1978 facile
1806 1941 1961 1978 unam
1982 1924 2048 1976 oh
2070 1939 2252 1976 noxam

368 2003 454 2054 ius
473 2001 719 2067 regnandi
744 2003 799 2052 in
819 2002 1064 2054 Davidem
1087 2003 1361 2054 transferre
1380 2005 1550 2068 potuit
1564 2003 1641 2066 2).
1714 2005 1884 2068 Quare
1904 2010 1956 2054 et
1974 2003 2253 2069 imperium

369 2082 426 2133 in
467 2081 684 2147 imperio
715 2078 974 2131 habebunt
1000 2087 1051 2131 et
1077 2081 1306 2146 precario
1334 2080 1635 2146 regnabant.
1708 2081 1829 2134 109.
1868 2080 1951 2132 Ad
1978 2080 2102 2131 haec
2131 2092 2253 2142 ergo

373 2157 667 2224 superanda
703 2157 800 2208 alia
830 2156 1018 2224 templa
1048 2157 1150 2208 diis
1179 2156 1349 2208 dicare
1375 2164 1771 2220 concesserunt,
1809 2165 1868 2209 ut
1894 2156 2035 2208 nulla
2062 2155 2254 2206 Levitis

375 2235 603 2302 emplius
623 2233 931 2285 consultatio
949 2243 1111 2295 essen
1153 2234 1338 2286 deinde
1356 2235 1553 2300 plures,
1577 2236 1665 2300 qui
1685 2235 1895 2288 nomine
1913 2235 2008 2285 Dei
2032 2231 2256 2299 prophe—

374 2318 564 2374 tarent,
607 2311 998 2377 quaesiverunt,
1038 2318 1096 2362 ut
1115 2311 1390 2378 prophetas
1411 2311 1686 2375 haherent,
1724 2326 1857 2378 quos
1875 2313 2009 2364 veris
2030 2323 2257 2376 oppone-

375 2387 488 2441 r'ent
501 2389 580 2456 ⁸).
657 2387 777 2442 110.
817 2388 919 2440 Sed
939 2389 1188 2455 quicquid
1208 2389 1376 2441 conati
1398 2397 1539 2452 sunt,
1560 2404 1845 2456 numquam
1868 2389 1970 2440 voti
1990 2393 2257 2454 compotes

377 2480 492 2519 esse
523 2473 823 2533 potuerunt.
895 2465 1178 2532 Prophetae
1205 2467 1342 2518 enim
1370 2466 1437 2518 ad
1468 2468 1640 2518 omnia
1651 2467 1820 2534 parati
1840 2474 2045 2532 tempus
2065 2479 2259 2532 oppor-

377 2551 563 2596 tunum
583 2541 971 2609 exspectabant,
996 2557 1180 2610 nempe
1199 2545 1475 2611 imperium
1499 2545 1845 2606 successoris,
1870 2543 2010 2610 quod
2027 2555 2255 2608 semper,

377 2622 504 2673 dum
551 2620 801 2670 memoria
845 2619 1196 2687 praecedentis
1234 2623 1398 2689 viget,
1446 2621 1728 2688 precarium
1767 2628 1865 2672 est.
1936 2622 2069 2672 Tum
2108 2617 2259 2671 facile
2309 2674 2312 2676 ,

379 2699 679 2751 auctoritate
700 2696 868 2748 divina
889 2697 1114 2762 aliquem
1136 2713 1309 2765 regem
1328 2701 1601 2752 incensum
1623 2705 1673 2748 et
1691 2697 1875 2750 virtute
1896 2697 2089 2750 olerum
2108 2695 2259 2746 indu-

381 2790 495 2829 cere
521 2780 759 2842 poterant
785 2773 848 2825 ad
869 2777 956 2826 ius
983 2775 1210 2828 divinum
1231 2766 1595 2829 vindicandu'm
1612 2814 1625 2838 ‚
1658 2783 1707 2826 et
1736 2774 2009 2844 imperium
2037 2773 2113 2825 vel
2143 2774 2260 2824 eins

380 2859 580 2921 partem
615 2853 729 2904 iure
762 2852 1160 2920 possidendum.
1237 2855 1355 2906 111.
1392 2857 1584 2908 Verum
1622 2867 1716 2906 nee
1750 2854 2027 2920 prophetae
2063 2849 2260 2906 aliquid

489 3038 530 3087 1)
559 3036 692 3080 Conr.
714 3041 736 3080 1
757 3037 882 3084 Sam.
905 3051 1006 3094 cap.
1026 3042 1068 3082 8.

415 3095 435 3103 ”
487 3095 532 3144 2)
557 3095 689 3140 Conr.
712 3099 734 3138 1
755 3098 880 3142 Sam.
901 3111 1002 3154 cap.
1026 3101 1089 3140 13.
1111 3101 1174 3142 15.
1194 3101 1259 3142 16.

489 3155 531 3206 3)
560 3154 692 3199 Conr.
714 3159 736 3198 1
755 3159 866 3212 Reg.
889 3161 955 3217 12,
973 3160 1026 3201 26
1044 3171 1148 3216 sqq.
