2548 3485
1097 133 1233 178 car.
1288 133 1372 178 v1.
1668 110 1676 120 “
2093 92 2174 152 87

291 313 393 362 nisi
413 318 596 362 causas
615 309 874 362 naturales
893 309 1119 362 tollendo
1137 324 1329 377 resque
1348 317 1483 362 extra
1503 315 1715 360 naturae
1734 307 1967 362 ordinem
1985 311 2174 378 imagi-

291 387 464 439 nando
491 390 658 440 Deum
687 387 924 448 adorare,
967 389 1242 453 omniaque
1269 387 1337 439 ad
1368 389 1479 438 eius
1500 387 1771 453 imparium
1793 393 1844 438 et
1860 387 2173 440 voluntatem

293 463 482 516 referre
517 471 713 531 potest,
773 479 868 516 nec
901 465 997 514 Dei
1036 465 1315 531 potentiam
1354 465 1516 531 magis
1546 463 1877 528 admiratur,
1912 465 2012 516 nisi
2047 463 2174 517 dum

296 542 576 608 potentiam
596 547 810 594 naturae
827 557 854 592 a
873 543 980 592 Deo
1002 544 1152 608 quasi
1173 540 1441 593 subactam
1461 542 1781 608 imaginatur,
1805 541 1946 608 quod
1966 542 2175 609 quidem

295 620 544 685 originem
563 619 773 673 duxisse
791 619 990 671 videtur
1009 633 1037 668 a
1059 620 1238 685 primis
1256 618 1482 682 ludaeis,
1506 620 1595 685 qui
1618 626 1673 669 ut
1692 619 1919 670 ethnicos
1938 620 2021 670 sui
2040 627 2177 671 tem-

295 697 454 762 poris,
478 697 567 763 qui
587 696 714 748 deos
731 695 959 748 visibiles
977 696 1272 758 adorabant,
1296 695 1536 748 videlicet
1550 694 1734 758 solem,
1754 695 1950 760 lunam,
1968 703 2171 760 terram,

297 786 509 838 aquam,
550 777 720 826 aerem
750 779 878 834 etc„
909 771 1276 826 ‘convincerent
1302 774 1473 840 iisque
1502 771 1858 836 ostenderent,
1900 775 2025 826 deos
2058 774 2179 826 illos

297 849 582 902 imbecilles
601 857 651 902 et
667 851 1020 902 inconstantes
1039 851 1144 901 sive
1165 848 1443 901 mutabiles
1462 857 1515 901 et
1532 850 1632 901 sub
1651 851 1866 917 imperio
1883 852 1979 903 Dei
1998 851 2179 903 invisi·-

298 925 418 978 bilis
453 940 598 990 esse,
637 927 888 978 miracula.
917 940 1010 985 sua
1047 925 1349 989 narrabant,
1390 926 1582 993 quibus
1616 927 1831 993 insuper
1864 927 2181 980 conabantur
2215 961 2220 968 -

299 1004 593 1066 ostendere,
633 1011 790 1055 totam
817 1009 1052 1054 naturam
1089 1019 1148 1054 ex
1174 1003 1295 1067 Dei,
1338 1017 1495 1070 quem
1530 1001 1834 1068 adorabant,
1876 1005 2091 1070 imperio
2126 1005 2179 1056 ln

211 1101 218 1107 ·
299 1095 478 1131 eorum
508 1085 706 1132 tantum
737 1079 1066 1131 commodum
1096 1080 1270 1146 dirigi·
1313 1080 1451 1146 quod
1480 1081 1690 1147 quidem
1728 1079 2024 1133 hominibus
2053 1081 2181 1133 adeo

299 1158 492 1219 arrisit,
532 1164 591 1208 ut
617 1159 668 1208 in
698 1156 794 1207 boc
820 1171 987 1223 usqne
1017 1164 1223 1222 tempus
1255 1158 1497 1208 miracula
1516 1157 1706 1224 fingere
1726 1173 1830 1208 non
1850 1161 2177 1222 cessaverint,

298 1240 361 1283 ut
395 1235 495 1299 ipsi
530 1235 640 1286 Deo
679 1233 968 1284 dilectiores
1004 1233 1216 1299 reliquis
1251 1246 1511 1304 causaque
1544 1235 1759 1296 finalis,
1780 1242 1987 1303 propter
2024 1250 2179 1301 quam

298 1311 444 1361 Deus
463 1311 630 1360 omnia
650 1303 837 1361 creavit
853 1317 904 1360 et
923 1312 1168 1362 continue
1187 1309 1379 1376 ditigit,
1412 1311 1758 1363 crederentur.
1833 1315 1883 1364 5.
1921 1311 2061 1376 Quid
2084 1312 2182 1364 sibi

300 1386 442 1452 vulgi
461 1387 674 1438 stultitia
691 1402 794 1438 non
813 1394 1040 1453 arrogat,
1081 1387 1220 1452 quod
1241 1401 1337 1438 nec
1358 1381 1421 1439 de
1440 1389 1576 1450 Deo,
1616 1403 1711 1440 nec
1738 1389 1803 1440 de
1820 1395 2001 1442 natura
2018 1390 2181 1440 ullum

300 1477 486 1515 sanum
515 1461 667 1514 habet
697 1471 1000 1532 conceptum
1015 1502 1030 1527 ,
1069 1463 1208 1530 quod
1227 1465 1324 1515 Dei
1352 1464 1537 1530 placita
1556 1479 1672 1516 cum
1690 1463 1963 1517 hominum
1982 1467 2183 1532 placitis

300 1534 597 1604 confundit,
637 1547 688 1592 et
714 1540 856 1605 quod
883 1541 1106 1606 denique
1129 1547 1365 1594 naturam
1385 1541 1503 1592 ideo
1523 1541 1787 1594 limitatam
1806 1541 1973 1609 fingit,
2014 1550 2071 1594 ut
2090 1542 2185 1593 bo-

300 1618 496 1670 minem
525 1619 640 1669 eius
669 1617 992 1683 praecipuam
1013 1627 1209 1684 partem
1230 1633 1347 1671 esse
1368 1617 1569 1671 credat!
1594 1619 1599 1624 '
1642 1620 1742 1670 Hic
1758 1619 1895 1686 vulgi
1916 1619 1980 1670 de
2000 1627 2184 1670 natura

301 1703 351 1749 et
371 1696 632 1747 miraculis
651 1693 921 1762 opiniones
939 1701 990 1746 et
1007 1696 1317 1761 praeiudicia
1336 1697 1462 1749 satis
1482 1695 1671 1763 prolixe
1690 1697 1936 1750 enarravi.
2010 1697 2059 1749 6.
2081 1696 2185 1750 At-

303 1780 500 1835 tamen,
541 1780 726 1825 utrem
745 1771 922 1823 ordine
945 1774 1186 1825 edoceam
1201 1813 1214 1836 ,
1255 1772 1523 1825 ostendam
1542 1776 1567 1823 Ι
1572 1811 1587 1826 .
1608 1775 1735 1826 nihil
1755 1782 1930 1827 contra
1949 1781 2183 1827 naturam

302 1852 626 1915 contingere,
667 1848 760 1901 sed
785 1848 955 1915 ipsam
985 1856 1242 1901 aeternam
1270 1850 1427 1903 fixum
1454 1858 1505 1901 et
1540 1851 1915 1904 immutabilem
1950 1852 2183 1905 ordinem

301 1939 502 1979 servare
519 1934 570 1978 et
587 1926 743 1977 simul
762 1926 888 1992 quid
917 1941 1008 1992 per
1033 1928 1410 1980 miraculum
1438 1928 1827 1995 intelligendum
1858 1930 1950 1990 sit3
1986 1930 2058 1981 11.
2088 1944 2185 1982 nos

301 2020 362 2055 ex
381 2002 642 2055 miraculis
670 2016 767 2055 nec
795 2004 1074 2055 essentiam
1102 2018 1198 2057 uec
1224 2004 1569 2070 existentiam,
1610 2013 1660 2057 et
1688 2014 2065 2073 consequenter
2089 2022 2185 2059 nec

301 2080 672 2147 providentiam
697 2080 793 2131 Dei
822 2094 980 2147 posse
997 2094 1332 2147 cognoscere,
1372 2082 1465 2133 sed
1492 2082 1617 2135 haec
1636 2084 1807 2134 omnia
1826 2082 1976 2150 longe
1994 2084 2183 2136 melius

301 2157 500 2225 percipi
520 2170 579 2207 ex
596 2155 694 2208 fixo
713 2164 762 2209 et
780 2150 1096 2223 immutabili
1113 2164 1327 2217 naturae
1346 2158 1548 2211 ordine.
1619 2161 1714 2210 111.
1736 2159 1813 2211 Ex
1830 2160 2027 2227 aliquot
2046 2158 2186 2212 Scri·-

303 2236 484 2302 pturae
505 2234 750 2301 exemplis
779 2234 1077 2299 ostendam,
1119 2236 1288 2303 ipsam
1318 2235 1634 2301 scripturam
1661 2250 1755 2301 per
1778 2236 1875 2288 Dei
1905 2236 2106 2290 decreta
2136 2245 2187 2290 et

301 2311 596 2374 volitiones,
619 2320 670 2363 et
687 2318 1060 2376 consequenter
1079 2326 1170 2379 per
1188 2312 1555 2380 providentiam
1578 2311 1706 2365 nihil
1724 2312 1867 2365 aliud
1885 2314 2179 2381 intelligere,

302 2402 461 2454 quam
486 2388 660 2455 ipsum
691 2393 898 2439 naturae
926 2388 1158 2441 ordinem
1173 2429 1188 2453 ‚
1227 2391 1396 2455 quiex
1414 2392 1529 2442 eius
1548 2391 1767 2443 aeternis
1786 2390 1988 2459 legibus
2007 2406 2185 2444 neces-

301 2466 438 2517 sario
467 2466 718 2531 sequitur.
791 2466 882 2517 lv.
918 2466 1156 2531 Denique
1187 2467 1250 2518 de
1271 2467 1426 2518 modo
1446 2468 1691 2521 miracula
1710 2469 2003 2536 scripturae
2022 2471 2184 2523 inter-

299 2541 534 2608 pretandi
564 2548 614 2593 et
641 2543 704 2593 de
731 2542 821 2607 iis,
863 2556 994 2607 quae
1023 2544 1297 2609 praecipue
1327 2544 1457 2595 circa
1488 2545 1849 2599 miraculorum
1868 2549 2185 2599 narrationes

299 2619 466 2670 notari
504 2618 748 2682 debeant,
793 2632 960 2685 agam.
1029 2620 1098 2670 Et
1125 2619 1249 2672 baec
1278 2622 1551 2687 praecipua
1580 2630 1733 2687 sunt,
1772 2638 1905 2690 quae
1936 2624 1999 2677 ad
2028 2623 2184 2675 buius

299 2696 486 2763 capitis
515 2703 876 2762 argumentum
905 2702 1138 2763 spectant
1167 2705 1218 2748 et
1235 2712 1367 2763 quae
1388 2706 1645 2764 praeterea
1665 2701 1729 2752 ad
1748 2702 2003 2754 intentum
2026 2700 2183 2751 totius

298 2771 462 2825 buius
481 2772 650 2839 operis
670 2786 772 2823 non
793 2785 974 2839 parum
992 2774 1237 2825 inservire
1257 2775 1509 2827 existimo.

403 2850 458 2901 7.
494 2848 577 2900 Ad
606 2848 878 2915 primum
908 2850 1046 2916 quod
1068 2852 1270 2913 attinet,
1303 2851 1357 2903 id
1377 2850 1523 2903 facile
1541 2854 1830 2906 ostenditur
1847 2868 1904 2904 ex
1922 2854 2018 2914 iis,
2051 2835 2195 2919 quae

297 2927 354 2979 in
382 2938 497 2993 cap.
520 2928 573 2977 4.
603 2926 737 2977 circa
763 2925 928 2992 legem
957 2926 1180 2979 divinam
1209 2927 1675 2983 demonstravimus
1686 2929 1771 2998 *),
1813 2942 2001 2996 nempe
2030 2945 2183 2983 omne

403 3095 443 3147 *)
480 3094 578 3139 vid.
599 3106 640 3139 c.
659 3096 698 3138 ⁴.
719 3096 762 3149 ς.
782 3096 848 3139 23.
871 3106 973 3153 sqq.
