2548 3485
284 202 364 263 38
687 206 1077 253 TRACTATUS
1115 206 1513 251 THEoLoGlco
1528 234 1551 244 -
1562 206 1770 252 Pohl'r.

283 386 585 452 imaginaria
618 394 812 438 tantum
849 386 1034 446 suisse;
1079 400 1236 451 quare
1256 392 1360 437 non·
1382 386 1570 437 mirum
1593 391 1697 445 est,
1731 383 1877 434 illum
1901 388 2012 433 tum
2035 388 2167 433 tem-

283 464 422 529 poris
467 464 821 530 perturbatum
871 464 1040 515 omnia
1080 463 1166 515 illa
1213 462 1363 515 verba
1413 463 1540 513 adeo
1586 460 1800 513 confuse
1848 468 1899 512 et
1945 458 2169 511 obscure

283 539 618 605 imaginatum
659 542 822 593 ruisse
845 580 858 605 ,
917 546 976 593 ut
1011 538 1141 593 nihil
1177 555 1236 591 ex
1274 542 1339 591 iis
1376 547 1552 607 postea
1601 538 1879 604 intelligere
1924 539 2167 605 potuerit.

285 616 388 678 Qui
426 624 598 669 autem
635 618 814 669 dicunt
836 658 850 681 ,
892 620 1060 669 Deum
1109 618 1340 669 noluisse
1376 617 1578 669 Danieli
1613 632 1719 667 rem
1756 616 1889 667 clare
1926 614 2166 676 revelare,

285 693 524 745 videntur
540 710 644 746 non
666 696 852 761 legisse
871 694 1026 747 verba
1044 695 1242 761 angeli,
1283 696 1372 761 qui
1393 708 1631 761 expresse
1652 694 1774 745 dixit
1794 694 1932 759 (vide
1952 706 2068 757 cap.
2084 693 2168 743 10.

284 784 331 821 v.
365 764 482 839 145)
517 789 572 821 ae
609 775 836 837 venisse,
891 778 954 823 ut
988 772 1265 823 Danielem
1302 772 1601 836 intelligere
1619 774 1870 835 faceret,
1910 770 2043 837 quid
2074 784 2169 819 suo

275 848 476 915 populo
504 850 559 897 in
589 854 906 915 posteritate
937 850 1143 899 dierum
1169 852 1518 915 contingeret.
1592 850 1763 911 Quare
1800 862 1882 899 res
1918 846 2037 899 illae
2072 844 2171 896 ob-

286 940 466 977 scurae
501 933 830 991 manserunt,
873 928 992 993 quia
1026 926 1202 977 nullus
1231 933 1339 976 tum
1378 926 1627 992 temporis
1665 924 2039 992 reperiebatur,
2081 924 2171 990 qui

285 1010 483 1053 tantum
513 1004 914 1069 imaginationis
963 1004 1143 1054 virtute
1191 1004 1439 1071 polleret,
1498 1010 1554 1053 ut
1598 1003 1699 1068 ipsi
1740 1003 1927 1053 clarius
1963 990 2171 1053 revelari

284 1088 518 1145 possent.
591 1080 677 1133 23.
719 1082 960 1147 Denique
977 1080 1294 1147 prophetae,
1326 1080 1521 1146 quibus
1542 1080 1817 1131 revelatum
1840 1079 1964 1141 suit,
2002 1079 2171 1129 Deum

285 1156 452 1206 Eliam
485 1153 818 1223 abrepturum
837 1197 851 1220 ,
891 1158 1202 1224 persuadere
1230 1157 1471 1209 volebant
1498 1158 1699 1219 Elisae,
1737 1170 1853 1208 eum
1884 1154 2005 1205 alibi
2028 1155 2173 1205 loco-

288 1249 402 1284 rum
443 1232 698 1295 delatum,
749 1234 840 1285 ubi
879 1234 1048 1287 adhuc
1084 1236 1299 1286 inveniri
1336 1233 1402 1285 ab
1438 1234 1569 1301 ipsis
1605 1242 1809 1300 posset;
1868 1231 2007 1298 quod
2046 1246 2173 1283 sane

289 1312 420 1362 clare
457 1310 718 1374 ostendit,
777 1326 866 1363 eos
903 1314 999 1364 Dei
1040 1312 1399 1364 revelationem
1438 1326 1543 1364 non
1589 1316 1722 1362 recte
1770 1309 2171 1376 intellexisse*).

287 1390 431 1440 Haec
477 1388 648 1440 fusius
696 1390 967 1441 ostendere
1006 1405 1107 1440 non
1147 1397 1227 1440 est
1263 1404 1435 1455 opus;
1494 1402 1613 1439 nam
1652 1385 1775 1439 nihil
1814 1402 1874 1439 ex
1912 1388 2175 1453 Scriptura

289 1465 477 1516 clarius
507 1472 736 1529 constat,
783 1480 938 1532 quam
969 1467 1108 1532 quod
1126 1468 1269 1517 Deus
1301 1481 1467 1517 unum
1487 1466 1785 1533 prophetam
1807 1464 1960 1529 longe
1980 1458 2175 1514 maiore

285 1542 442 1607 gratia
472 1543 538 1594 ad
568 1543 1027 1611 prophetizandum
1063 1543 1297 1608 donavit,
1338 1558 1495 1609 quam
1533 1542 1713 1593 alium.
1794 1542 1879 1595 24.
1919 1540 1993 1591 At
2031 1541 2174 1606 quod

286 1620 584 1685 prophetiae
613 1621 720 1671 sive
751 1620 1250 1687 repraesentationes
1287 1633 1381 1687 pro
1418 1618 1749 1686 opinionibus
1788 1618 2170 1685 prophetarum,

287 1710 418 1762 quas
437 1696 654 1764 amplexi
679 1696 895 1762 fuerint,
936 1698 1090 1750 etiam
1109 1698 1388 1760 variarent,
1429 1704 1480 1748 et
1507 1697 1647 1763 quod
1678 1696 1955 1764 prophetae
1984 1696 2171 1758 variaS,

285 1775 392 1824 imo
421 1775 702 1826 contrarias
733 1773 1006 1826 habuerint
1035 1776 1335 1842 opinioneS,
1378 1781 1427 1826 et
1456 1775 1590 1826 varia
1619 1774 1935 1841 praeiudicia
1964 1771 2177 1842 (loquor

288 1853 418 1901 circa
440 1864 523 1902 res
543 1865 683 1903 mere
703 1852 1069 1918 speculativas;
1111 1867 1230 1904 nam
1253 1853 1385 1903 circa
1406 1865 1493 1915 ea,
1534 1865 1665 1916 quae
1685 1849 1989 1917 probitatem
2010 1856 2060 1902 et
2077 1850 2178 1901 bo·-

287 1942 384 1978 nos
411 1941 584 1979 mores
617 1935 879 1994 spectant,
917 1929 1070 1994 longe·
1099 1929 1243 1980 aliter
1268 1927 1652 1992 sentiendum),
1670 1929 1941 1980 ‘curiosius
1971 1933 2020 1978 et
2046 1941 2175 1994 pro-

287 2004 440 2056 lixius
478 2005 765 2056 ostendam.
846 2007 976 2058 Nam
1017 2006 1148 2058 banc
1188 2021 1295 2058 rem
1334 2007 1541 2058 maioris
1578 2007 1827 2056 momenti
1863 2021 1981 2057 esse
2016 2012 2172 2072 puto;

286 2081 407 2133 inde
447 2081 585 2134 enim
619 2081 824 2132 tandem
857 2083 1192 2147 concludam,
1233 2083 1555 2150 prophetiam
1593 2096 1862 2148 nunquam
1900 2079 2175 2149 prophetas

288 2158 542 2210 doctiores
571 2158 890 2223 reddidisse,
933 2160 1026 2212 sed
1057 2175 1147 2213 eos
1177 2161 1230 2212 in
1269 2163 1383 2212 suis
1420 2160 1804 2226 praeconceptis
1842 2157 2176 2226 opinionibus

290 2237 592 2302 reliquisse3
611 2251 670 2286 ac
688 2245 960 2304 propterea
979 2253 1075 2289 nos
1096 2239 1161 2289 iis
1182 2239 1313 2289 circa
1334 2252 1416 2288 res
1438 2253 1578 2290 mere
1598 2236 1941 2304 speculativas
1960 2236 2177 2288 minime

289 2315 449 2364 teneri
472 2313 694 2365 credere.

389 2389 478 2445 25.
537 2391 669 2440 Mira
717 2391 942 2456 quadam
989 2391 1374 2457 praecipitantia
1425 2405 1607 2441 omnes
1646 2389 1747 2441 sibi
1788 2395 2173 2456 persuaserunt,

289 2466 565 2534 prophetas
587 2469 788 2529 omnia,
830 2482 962 2532 quae
985 2467 1244 2519 humanus
1269 2467 1561 2519 intellectus
1594 2459 1801 2532 assequi
1833 2475 2031 2533 potest,
2071 2468 2179 2517 sci-

289 2545 457 2605 visse;
498 2549 548 2594 et
569 2544 802 2608 quamvis
821 2544 929 2594 loca
952 2543 1208 2609 quaedam
1229 2545 1523 2612 Scripturae
1544 2543 1697 2595 nobis
1717 2559 1871 2609 quam
1893 2545 2179 2595 clarissime

292 2622 507 2685 dictent,
541 2619 816 2686 prophetas
837 2620 1092 2686 quaedam
1113 2622 1455 2686 ignoravisse,
1489 2621 1657 2673 dicere
1675 2622 1852 2688 potius
1872 2622 2079 2685 volunt,
2121 2637 2179 2672 se
2230 2633 2237 2639 ·

293 2700 606 2764 scripturam
636 2698 700 2748 iis
720 2697 773 2747 in
797 2697 922 2748 locis
945 2713 1047 2748 non
1069 2697 1374 2764 intelligere,
1417 2713 1572 2764 quam
1598 2697 1877 2749 concedere
1898 2699 2177 2765 propbetas

292 2790 400 2826 rem
420 2775 646 2841 aliquam
668 2775 1008 2840 ignoravisse,
1042 2782 1132 2826 aut
1148 2775 1299 2826 verba
1323 2777 1612 2841 Scripturae
1634 2776 1701 2826 ita
1722 2783 1962 2842 torquere
1983 2789 2181 2826 conan-

291 2857 404 2913 tur,
433 2859 490 2902 ut
517 2852 599 2916 id,
632 2851 772 2916 quod
803 2851 952 2917 plane
982 2865 1083 2903 non
1115 2852 1252 2914 vult,
1285 2852 1437 2903 dicat.
1519 2853 1652 2904 Sane
1680 2853 1725 2903 si
1754 2853 1937 2904 horum
1972 2859 2179 2903 utrum-

291 2927 369 2978 vis
395 2925 540 2990 licet,
579 2936 747 2979 actum
781 2934 860 2978 est
891 2942 1010 2978 cum
1039 2935 1144 2979 tota
1165 2929 1455 2994 Scriptura;
1499 2929 1689 2982 frustra
1712 2931 1849 2981 enim
1870 2929 2178 2981 conabimur

294 3002 490 3068 aliquid
528 3018 588 3054 ex
615 3003 875 3070 Scriptura
903 3004 1206 3069 ostendere,
1247 3007 1292 3057 si
1330 3021 1413 3070 ea,
1457 3021 1590 3072 quae
1621 3009 1839 3059 maxime
1868 3006 1999 3058 clara
2030 3014 2175 3070 sunt,

397 3167 438 3218 ⁴)
465 3167 563 3210 Vid.
583 3169 611 3209 2
625 3167 736 3223 neg.
757 3181 858 3225 cap.
880 3175 920 3215 2.
940 3185 982 3218 v.
1005 3175 1068 3216 16.
1089 3185 1192 3231 sqq.
