2548 3485
338 179 392 220 l
579 235 582 240 .
663 161 670 168 ’
1177 193 1312 238 car.
1368 194 1433 238 11.
2162 187 2244 246 37

359 390 418 427 ex
437 391 484 427 v.
511 375 592 428 11.
620 389 790 441 usque
809 373 872 424 ad
891 373 978 428 20.
1001 385 1120 424 cum
1139 386 1256 438 cap.
1281 371 1330 421 5.
1354 371 1530 422 rustici
1557 368 1770 422 Amosis
1802 386 1860 423 ex
1886 386 1935 422 v.
1958 371 2043 425 21.
2077 385 2243 436 usque

358 453 425 504 ad
449 453 536 506 24.
610 452 850 503 Conferat
878 450 1063 502 deinde
1090 449 1325 500 ordinem
1345 455 1396 499 et
1417 449 1641 500 rationes
1662 448 1956 516 prophetiae
1976 449 2239 509 Ieremiae,

363 545 495 595 quas
515 543 626 596 cap.
653 529 736 580 49.
760 531 812 596 ¹)
839 528 1129 579 Edomaeae
1147 527 1381 594 scripsit,
1422 540 1538 584 cum
1561 526 1737 577 ordine
1756 534 1808 578 et
1826 524 2109 578 rationibus
2128 525 2242 575 Ho-

361 606 562 658 badiae.
637 605 877 658 Conferat
899 620 1048 671 porro
1067 606 1220 656 etiam
1239 604 1423 655 Esaiae
1442 618 1555 670 cap.
1577 603 1664 666 40.
1686 619 1729 654 v.
1746 603 1828 656 19.
1849 604 1935 657 20.
1956 609 2007 654 et
2026 616 2141 669 cap.
2156 601 2241 652 44.

361 698 420 734 ex
441 683 552 735 v.8.
570 698 697 734 cum
717 697 827 750 cap.
843 684 895 733 8.
918 697 964 733 v.
980 681 1031 733 6.
1055 688 1104 734 et
1123 696 1234 748 cap.
1253 681 1337 731 13.
1363 683 1473 734 v-2.
1548 681 1770 732 Roseae.
1842 680 1909 730 Et
1927 681 2003 730 sic
2024 679 2088 730 de
2108 685 2246 730 cete-

361 762 454 812 ris.
527 761 673 824 Quae
701 762 746 811 si
774 761 948 812 omnia
967 766 1102 812 recte
1122 757 1534 826 perpendantur,
1568 755 1711 808 facile
1732 757 2034 820 ostendent,
2072 757 2243 810 Deum

359 836 566 888 nullum
585 837 770 889 hahere
790 837 980 902 stylum
1001 836 1311 902 peculiarem
1334 833 1564 895 dicendi,
1604 833 1696 884 sed
1716 841 1915 886 tantum
1946 849 2037 902 pro
2066 833 2247 884 erudi-

359 916 498 966 tione
517 922 567 966 et
586 915 864 981 capacitate
889 914 1164 981 prophetae
1184 918 1399 964 eatenus
1420 925 1535 962 esse
1557 911 1870 978 elegantem,
1908 910 2244 978 compendio-

359 1001 508 1053 sum‘,
538 1007 804 1052 severum,
835 992 1046 1052 rudem,
1080 990 1333 1058 prolixum
1354 995 1403 1038 et
1420 985 1723 1040 obscurum.

462 1068 547 1123 20.
588 1069 1102 1135 Repraesentationes
1132 1067 1459 1133 propheticae
1488 1073 1537 1116 et
1564 1053 1967 1132 hieroglyphice,
2009 1067 2244 1130 quamvis

360 1145 496 1196 idem
517 1145 894 1211 significarent,
933 1145 1197 1197 variabant
1216 1151 1415 1203 tameu;
1458 1157 1578 1194 nam
1594 1143 1777 1194 Esaiae
1804 1142 1949 1192 aliter
1966 1143 2061 1194 Dei
2089 1143 2249 1208 gloria

360 1220 610 1287 templum
630 1222 927 1288 relinquens
946 1228 1327 1288 repraesentata
1347 1219 1463 1281 fuit,
1485 1235 1640 1286 quam
1662 1220 1911 1272 Ezechieli
1928 1219 2003 1286 ²).
2054 1216 2247 1270 Rabini

361 1306 532 1350 autem
556 1299 729 1350 volunt
749 1307 1018 1365 utramque
1038 1298 1557 1368 repraesentationem
1578 1297 1793 1349 eandem
1816 1301 2027 1365 prorsus
2048 1295 2243 1356 fuisse;
2306 1333 2310 1338 -

361 1383 412 1440 at
429 1375 776 1439 Ezechielem,
811 1384 866 1428 ut
895 1377 1172 1442 rusticum,
1206 1391 1321 1428 eam
1358 1390 1517 1442 supra
1544 1373 1756 1426 modum
1788 1376 2029 1426 miratum
2060 1373 2240 1436 fuisse,
2324 1425 2329 1431 ,

363 1459 413 1502 et
429 1451 546 1504 ideo
566 1453 734 1520 ipsam
755 1453 999 1504 omnibus
1019 1454 1420 1506 circumstantiis
1439 1453 1775 1506 enarravisse.
1847 1451 2118 1515 Attamen,
2142 1453 2246 1502 nisi

362 1530 474 1580 eius
493 1531 566 1580 rei
587 1537 773 1582 certam
794 1530 1085 1582 habueruut
1112 1530 1439 1582 traditionem
1456 1569 1469 1591 ,
1510 1529 1649 1596 quod
1680 1529 1893 1580 minime
1922 1527 2099 1591 credo,
2135 1543 2245 1578 rem

361 1605 514 1672 plane
545 1605 762 1672 fingunt.
834 1609 967 1658 Nam
1000 1607 1182 1659 Esaias
1213 1607 1521 1674 Seraphines
1541 1608 1683 1658 senis
1704 1606 1802 1658 alis
1812 1643 1829 1670 ,
1870 1603 2103 1656 Ezechiel
2129 1619 2247 1656 vero

359 1681 554 1734 bestias
592 1686 856 1750 quaternis
893 1684 992 1736 alis
1031 1684 1174 1735 vidit.
1247 1685 1431 1736 Esaias
1469 1683 1593 1735 vidit
1622 1685 1793 1734 Deum
1828 1683 2070 1734 vestitum
2108 1688 2158 1733 et
2192 1683 2246 1732 in

362 1760 498 1811 solio.
524 1762 660 1826 regio
688 1764 984 1823 sedentem,
1007 1762 1262 1813 ‚Ezechiel
1296 1770 1469 1814 autem
1496 1763 1660 1814 instar
1687 1762 1849 1829 iguis3
1890 1767 2108 1826 uterque
2133 1760 2247 1811 sine

362 1836 524 1888 dubio
541 1838 710 1889 Deum
731 1839 872 1903 vidit,
895 1846 1047 1907 prout
1066 1840 1242 1907 ipsum
1264 1840 1532 1904 imaginari
1552 1837 1771 1891 solebat.
1842 1834 1940 1893 21..
1968 1836 2246 1889 Variabant

362 1922 621 1980 praeterea
643 1917 1136 1983 repraesentationes
1159 1932 1260 1968 non
1291 1916 1445 1968 modo
1471 1923 1669 1967 tantum
1686 1955 1701 1979 ‚
1738 1914 1832 1967 sed
1863 1913 2021 1967 etiam'
2040 1915 2247 1982 perspi-

364 1992 578 2051 euitate;
611 2007 728 2043 nam
750 1993 1242 2061 repraesentationes
1263 1993 1531 2045 Zachariae
1552 1993 1878 2045 obscuriores
1896 1999 2062 2055 eraut,
2090 2006 2247 2057 quam

363 2074 422 2118 ut
450 2067 515 2119 ah
543 2069 659 2134 ipso
691 2069 891 2135 absque
921 2072 1256 2137 explicatione
1293 2077 1507 2135 possent
1544 2070 1790 2136 intelligi,
1830 2076 1888 2120 ut
1922 2084 1981 2120 ex
2016 2070 2247 2135 ipsarum

365 2147 654 2197 narratione
683 2153 913 2205 constan
952 2148 1186 2199 Danielis
1213 2153 1387 2197 autem
1418 2146 1571 2197 etiam
1606 2146 1883 2213 explicatae
1910 2160 2007 2197 nec
2038 2145 2103 2197 ab
2131 2147 2247 2211 ipso

365 2222 612 2290 propheta
643 2231 921 2289 potuerunt
947 2225 1181 2291 intelligi.
1256 2222 1411 2286 Quod
1442 2221 1655 2288 quidem
1685 2216 1787 2273 non
1810 2223 2023 2287 contigit
2040 2231 2248 2289 propter

363 2300 434 2349 rei
457 2299 752 2351 revelandae
774 2299 1120 2353 difficultatem
1147 2300 1239 2371 (de
1271 2299 1429 2351 rebus
1456 2300 1595 2350 enim
1624 2299 1867 2351 humanis
1895 2306 2095 2351 tantum
2116 2313 2244 2365 age-

364 2376 542 2438 batur,
581 2392 712 2441 quae
742 2377 956 2442 quidem
983 2378 1172 2437 limites
1209 2377 1467 2429 humanae
1504 2378 1798 2444 capacitatis
1834 2392 1938 2429 non
1974 2376 2244 2439 excedunt,

365 2454 466 2505 nisi
495 2454 615 2519 quia
648 2453 852 2507 futurae
879 2458 1057 2521 sunt),
1096 2454 1189 2518 sed
1210 2462 1408 2505 tantum
1431 2450 1553 2520 quia
1572 2454 1804 2505 Danielis
1823 2454 2122 2521 imaginatio
2141 2469 2246 2505 non

363 2534 526 2595 aequ'e
554 2530 755 2583 valebat
789 2531 854 2582 ad
893 2530 1307 2598 prophetandum
1335 2530 1616 2596 vigilando,
1658 2545 1717 2583 ac
1744 2533 1799 2582 iu
1835 2532 2063 2593 somnis;
2106 2530 2247 2597 quod

365 2608 575 2673 quidem
595 2608 715 2659 inde
735 2616 960 2675 apparet,
986 2609 1125 2673 quod
1146 2609 1323 2659 statim
1341 2609 1395 2659 in
1413 2608 1557 2659 initio
1576 2609 1895 2661 revelationis
1915 2610 1985 2660 ita
2004 2607 2249 2675 perterri-

361 2693 448 2737 tus
469 2686 592 2747 fuit,
634 2690 692 2735 ut
711 2685 814 2736 iere
834 2685 899 2736 de
918 2685 1031 2736 suis
1058 2683 1259 2750 viribus,
1285 2684 1599 2751 desperaret.
1673 2685 1847 2748 Quare
1874 2692 2080 2754 propter
2107 2684 2246 2736 ima-

318 2818 324 2823 ,
363 2762 642 2830 ginationis
675 2768 724 2813 et
741 2763 926 2813 virium
947 2760 1351 2814 imbecillitatem
1370 2776 1453 2813 res
1474 2762 1574 2828 ipsi
1590 2763 1871 2815 admodum
1894 2760 2143 2813 obscurae
2162 2777 2247 2813 re-

325 2854 329 2859 ’
363 2845 716 2907 praesentatae
737 2837 965 2903 fuerunt,
989 2854 1158 2905 neque
1178 2853 1266 2890 eas
1286 2840 1441 2891 etiam
1462 2839 1735 2906 explicatas
1754 2839 2035 2904 intelligere
2056 2840 2241 2905 potuit.

362 2918 450 2971 22.
472 2917 540 2967 Et
557 2915 639 2969 hic
657 2916 941 2967 notandum
963 2915 1114 2969 verba
1132 2931 1161 2967 a
1180 2916 1396 2969 Daniele
1414 2915 1589 2968 audita
1608 2916 1694 2983 (ut
1712 2930 1871 2983 supra
1889 2915 2243 2982 ostendimus)

439 3102 510 3153 1)
545 3102 597 3145 V.
619 3104 779 3142 ‘1-2‘2,

355 3192 360 3198 -
465 3164 512 3213 2)
549 3162 646 3205 vid.
667 3161 763 3206 Jes.
785 3173 890 3217 cap.
909 3164 948 3205 6.
973 3168 1018 3206 et
1035 3161 1204 3206 Ezech.
1227 3173 1329 3217 cap.
1352 3165 1388 3204 1.
