2548 3485
349 162 476 225 214
753 168 1142 217 Tnacwa‘rns
1179 168 1838 217 Tnssonomco-rot.1·r.

351 358 657 407 noscamus,
697 348 832 403 scire
869 348 971 403 iam
1007 362 1140 415 opus
1176 354 1281 411 est,
1326 346 1465 401 unde
1500 356 1669 401 onum
1704 346 1978 401 habuerint
2006 352 2057 399 et
2086 359 2239 413 saepe

353 423 600 485 habeant;
622 423 673 477 id
691 426 826 477 enim
843 438 901 477 ex
917 424 1069 477 modo
1083 426 1310 479 ostensis
1324 426 1453 479 satia
1466 439 1729 493 superque
1743 431 1965 478 constat.
2002 424 2087 475 38.
2109 424 2240 477 Nam

353 502 596 567 quisquis
632 515 893 555 summam
929 502 1084 555 habet
1118 510 1455 570 potestatem,
1494 505 1601 555 sive
1629 516 1767 553 unus
1794 502 1893 567 sit,
1932 502 2041 553 sive
2066 501 2236 567 pauci,

351 579 460 631 sire
487 579 714 646 denique
743 594 954 643 omnes,
993 588 1190 633 eertum
1219 588 1329 646 est,
1368 581 1417 633 ei
1445 593 1714 632 summum
1741 580 1825 631 ius
1854 578 2101 645 quiequid
2120 578 2244 629 velit

353 656 676 722 imperandi,
713 665 1037 723 competere;
1073 665 1126 711 et
1151 666 1411 724 praeterea
1441 658 1687 724 quisquis
1714 664 2021 723 potestatem
2056 671 2117 708 se
2148 656 2244 707 de-

354 732 598 785 fendendi
617 733 722 785 sive
741 742 930 799 sponte
945 774 960 797 ,
997 737 1104 787 sive
1123 736 1169 785 vi
1191 742 1400 787 coaetus
1420 737 1473 787 in
1494 735 1653 786 alium
1676 734 1965 795 transtulit,
2006 748 2125 784 eum
2144 746 2244 785 suo

353 812 466 862 iure
483 810 700 862 naturali
723 811 875 877 plane
896 814 1120 865 cessisse
1136 851 1150 874 ‚
1191 820 1242 863 et
1260 817 1639 878 consequenter
1657 810 1825 863 eidem
1849 809 1915 861 ad
1946 811 2119 861 omnia
2150 810 2246 861 ab-

353 888 523 939 solute
542 902 720 953 parere
742 888 1058 950 decrevisse3
1097 888 1237 955 quod
1258 890 1432 941 omnia
1452 895 1711 955 praestare
1730 894 1949 950 tenetur,
1977 901 2133 953 quam
2154 886 2245 939 diu

351 980 468 1025 rex,
524 966 630 1017 sive
669 965 901 1028 nobileS,
959 967 1066 1017 sive
1114 966 1343 1033 populus
1380 980 1667 1025 summam,
1725 978 1881 1030 quam
1918 970 2239 1030 aeceperunt,

353 1048 703 1115 potestatem„
728 1057 864 1109 quae
893 1043 1021 1095 iuris
1055 1043 1402 1095 transferendi
1439 1042 1838 1095 tundamentum
1866 1040 1994 1105 fuit,
2030 1054 2247 1093 conaer-

353 1126 473 1172 vant
483 1121 556 1183 *).
627 1120 734 1171 Nee
752 1119 836 1172 his
855 1119 1003 1186 plura
1021 1120 1210 1172 addere
1235 1135 1371 1188 opus
1391 1127 1491 1173 est.

455 1196 541 1249 39.
580 1197 794 1262 Imperii
829 1198 1184 1249 fundamentis
1222 1206 1272 1250 et
1300 1199 1413 1250 iure
1444 1194 1671 1249 ostensis
1704 1195 1855 1247 faeiie
1880 1196 1979 1247 erit
2002 1194 2245 1247 determi-

354 1286 502 1333 nare,
541 1273 668 1339 quid
689 1275 772 1325 ius
791 1275 936 1327 eiviie
967 1276 1251 1341 privatum,
1293 1275 1421 1341 quid
1452 1274 1669 1335 iniuria,
1711 1272 1837 1338 quid
1867 1272 2065 1323 iustitia
2084 1279 2137 1323 et
2155 1274 2244 1324 in-

247 1406 264 1423 ·
353 1352 556 1401 iustitia
575 1352 628 1401 in
647 1358 784 1403 statu
805 1351 940 1402 civili
960 1354 1060 1414 sit3
1101 1352 1291 1404 deinde
1312 1353 1431 1418 quis
1452 1349 1873 1411 eonfoederatus,
1914 1351 2037 1415 quis
2058 1350 2243 1411 hostia,

355 1434 406 1477 et
429 1426 557 1493 quid
583 1425 808 1494 denique
837 1429 1035 1481 crimen
1064 1430 1234 1481 laesae
1263 1430 1550 1480 maiestatis
1580 1428 1668 1478 sit.
1744 1427 1829 1479 40.
1868 1426 1969 1477 Per
1995 1429 2081 1477 ius
2108 1428 2247 1478 enim

355 1504 511 1555 civile
533 1506 808 1571 privatum
836 1505 964 1557 nihii
992 1504 1135 1557 aliud
1162 1506 1449 1570 intelligere
1484 1518 1771 1571 possumus
1788 1542 1800 1564 ,
1858 1518 2015 1569 quam
2050 1504 2245 1555 unius·-

355 1582 610 1648 cuiueque
645 1581 938 1634 libertatem
973 1582 1040 1633 ad
1079 1596 1196 1633 sese
1232 1583 1289 1633 in
1326 1596 1425 1633 suo
1460 1588 1597 1633 statu
1636 1580 2073 1641 conservandum,
2111 1593 2246 1645 quae

355 1658 537 1711 edictis
557 1672 792 1710 summae
811 1657 1080 1725 potestatis
1103 1657 1491 1721 determinatur,
1524 1657 1741 1725 solaque
1760 1656 1994 1710 eiusdem
2016 1658 2247 1707 auctori·-

359 1742 459 1787 tate
481 1734 791 1788 defenditur.
850 1736 983 1788 Nam
1002 1741 1279 1802 postquam
1300 1735 1667 1802 unusquisque
1684 1736 1769 1788 ius
1786 1749 1940 1788 suum
1961 1747 2020 1787 ex
2037 1734 2245 1802 proprio

263 1815 268 1820 '
354 1810 679 1878 >heneplacito
707 1811 935 1875 vivendi,
979 1827 1083 1879 quo
1111 1811 1222 1864 sola
1251 1827 1349 1864 sua
1380 1819 1629 1880 potestate
1649 1811 2109 1875 determinabatur,
2148 1811 2247 1863 hoe

347 1896 461 1950 est,
501 1903 650 1942 suam
679 1888 964 1942 libertatem
993 1896 1042 1941 et
1069 1890 1351 1956 potentiam
1380 1905 1439 1942 se
1468 1888 1779 1944 defendendi
1806 1891 1861 1940 in
1887 1886 2047 1940 alium
2074 1895 2249 1941 trans-

327 2013 332 2024 ,
356 1964 502 2030 tulit,
535 1979 594 2018 ex
609 1966 722 2018 sola
740 1967 882 2018 iliius
901 1965 1096 2018 ratione
1117 1967 1219 2018 iam
1241 1968 1411 2020 vivere
1427 1975 1628 2020 tenetur
1644 1974 1697 2020 et
1715 1966 1828 2020 solo
1845 1965 2079 2018 eiusdem
2100 1980 2251 2032 prae·-

361 2043 497 2095 sidio
523 2058 582 2094 se
611 2043 906 2096 defendere.
978 2043 1066 2094 41.
1103 2044 1311 2096 Iniuria
1340 2051 1447 2104 est,
1486 2059 1649 2110 quum
1680 2045 1805 2098 civis
1825 2043 1900 2096 vei
1920 2042 2165 2095 subditus
2182 2041 2249 2094 ab

359 2119 458 2170 alio
487 2119 697 2188 aliquod
727 2119 976 2172 damnum
1005 2127 1184 2174 eontra
1212 2123 1300 2173 ius
1326 2121 1471 2174 civile
1496 2123 1606 2172 sive
1638 2119 1863 2174 edietum
1890 2133 2126 2172 summae
2150 2133 2249 2186 po-

359 2199 560 2248 testatis
588 2198 696 2265 pati
723 2198 940 2263 cogitur.
1011 2199 1205 2249 Iniuria
1243 2200 1381 2250 enim
1410 2213 1511 2250 non
1544 2199 1645 2251 nisi
1673 2199 1727 2250 in
1754 2205 1891 2252 statu
1918 2196 2051 2250 civili
2080 2203 2252 2263 potest

359 2275 590 2340 concipi3
639 2274 731 2326 sed
771 2290 942 2341 neque
975 2289 1005 2325 a
1043 2277 1268 2328 summis
1303 2275 1674 2342 potestatihuS,
1717 2274 1909 2341 quibus
1936 2277 2049 2326 iure
2078 2273 2251 2325 omnia

359 2350 543 2414 licent,
583 2351 686 2402 uila
705 2350 816 2404 fieri
835 2359 1004 2418 potest
1021 2352 1272 2414 subditis3
1318 2368 1437 2419 ergo
1457 2355 1509 2404 in
1532 2354 1741 2420 privatis
1762 2359 1990 2413 tantum,
2031 2351 2121 2416 qui
2139 2351 2253 2402 iure

361 2435 603 2479 tenentur
620 2428 838 2480 invicem
859 2443 961 2480 non
984 2429 1212 2492 laedere,
1252 2430 1425 2482 iocum
1444 2429 1633 2485 habere
1652 2435 1840 2496 potest.
1913 2429 1999 2482 42.
2038 2427 2253 2478 Iustitia

361 2511 444 2570 est
467 2504 629 2556 animi
655 2506 944 2557 constantia
973 2505 1232 2559 tribuendi
1262 2507 1573 2574 unicuique,
1615 2506 1754 2573 quod
1786 2507 1832 2558 ei
1872 2519 1931 2557 ex
1967 2505 2078 2556 iure
2116 2503 2254 2569 civili

361 2583 626 2648 competit.
681 2582 953 2633 [iniustitia
975 2589 1145 2636 autem
1171 2589 1250 2647 est
1267 2584 1439 2649 speeie
1456 2585 1585 2636 iuris
1604 2583 1755 2636 alieni
1774 2581 2041 2636 detrahere
2055 2619 2071 2642 ‚
2111 2580 2253 2648 quod

362 2661 411 2712 ei
432 2673 624 2711 ex.vera
641 2657 814 2723 legum
832 2659 1250 2725 interpretatione
1270 2661 1531 2727 competit.
1605 2660 1868 2712 Vocantur
1894 2660 2045 2710 etiam
2072 2659 2254 2725 aequi-

361 2745 441 2788 tas
461 2743 511 2788 et
529 2737 797 2802 iniquita,
824 2736 945 2801 quia
966 2737 1056 2802 qui
1079 2738 1343 2788 constituti
1365 2743 1488 2788 sunt
1504 2736 1571 2787 ad
1585 2736 1701 2788 lites
1716 2736 2036 2788 dirimendas
2049 2734 2252 2788 nullum

365 2821 656 2881 respectum
683 2825 1020 2879 personarum
1040 2852 1054 2875 ‚
1093 2813 1190 2865 sed
1217 2829 1400 2866 omnes
1428 2812 1669 2878 aequaies
1688 2811 1879 2865 habere
1898 2818 2163 2873 tenentur,
2204 2818 2256 2861 et

363 2892 450 2940 ius
484 2891 900 2956 uniuscuiusque
937 2904 1101 2957 aeque
1141 2890 1447 2952 defendere3
1487 2903 1589 2940 non
1622 2889 1763 2941 diviti
1788 2889 2047 2952 invidere,
2085 2899 2253 2952 neque

363 2979 644 3031 pauperem
664 2974 1013 3019 contemnere.
1085 2967 1175 3020 43.
1213 2966 1593 3032 Consuadet-ati
1616 2972 1743 3018 sunt
1769 2965 2005 3018 homines
2032 2963 2253 3014 duarum

471 3115 528 3180 ·)’
549 3129 748 3178 Uberius
768 3134 856 3179 hae
875 3134 935 3179 de
954 3146 1005 3180 re
1025 3135 1248 3182 disseruit
1266 3134 1466 3193 spinosa
1487 3135 1533 3179 in
1554 3140 1687 3181 traet.
1708 3133 1839 3191 polit.
1868 3143 1971 3189 cap.
1989 3133 2149 3175 e-w.
