2548 3485
354 174 393 233 3
402 176 430 232 1
440 173 483 233 4
732 178 1197 225 GRAMMATICES
1234 178 1520 223 LlNGUAE
1559 179 1891 225 HEBRAEAE

349 352 547 420 quibus
575 353 678 406 iam
705 355 911 409 loeutus
932 362 1036 419 est,
1076 355 1155 409 vel
1174 370 1310 424 quos
1325 359 1578 425 supponit
1593 364 1746 409 notos
1765 370 1882 410 esse
1896 395 1910 421 ,
1951 353 2237 423 significare

350 438 479 503 vnit,
500 438 655 495 debet
672 443 870 495 nomini
892 456 1211 509 praeponere
1246 445 1296 507 Π
1325 456 1444 494 eum
1465 442 1686 510 pathagh
1701 480 1715 505 ,
1755 450 1807 495 et
1824 443 2048 512 primam
2067 444 2239 495 nomi-

355 526 436 577 nis
454 526 655 579 literam
674 527 965 597 dupiieare,
1003 528 1101 581 hoe
1118 535 1225 591 est,
1264 526 1602 594 dageseham
1645 535 1697 580 et
1713 529 1760 581 si
1780 530 1950 601 prima
1967 528 2114 582 litera
2131 542 2239 579 une

347 612 495 665 exiis
512 610 700 679 fuerit,
740 629 877 681 quae
896 613 1148 683 duplicari
1168 630 1273 668 non
1290 615 1587 683 patiuntur,
1628 620 1740 668 tum
1776 619 1825 681 Π
1861 615 1976 669 loeo
2009 612 2238 683 pnthegh

344 696 544 750 kamets
562 698 717 752 debet
734 698 943 764 habere,
972 707 1032 752 ut
1068 676 1309 785 ’κγ-ἔῃ
1346 697 1553 793 vuffin-
1576 706 1630 753 et
1647 704 1732 753 vir
1746 702 1839 755 ille
1860 700 2095 755 Gabriel.
2132 699 2238 753 Sed

345 800 633 855 notandum
649 839 663 864 ,
694 809 801 856 tam
836 799 969 868 nir}
985 842 1001 869 ,
1058 817 1219 871 qua-m
1279 871 1305 894 τ
1347 804 1548 857 kamets
1585 818 1742 871 posse
1786 805 2108 873 eompensari
2145 816 2240 872 per

345 904 555 973 gaghja,
602 911 661 957 nt
712 909 985 1001 Πῃέςῃ,
1038 910 1195 1001 unt]
1250 914 1349 959 ete.
1438 907 1614 975 Atque
1650 906 1750 960 hoe
1802 911 1851 972 Π
1901 908 2072 965 vocari
2107 906 2240 959 solet

346 1010 613 1101 mys-323,
652 1008 751 1062 hoe
769 1016 867 1075 est,
907 1012 956 1074 ,Ἳ
992 1009 1233 1075 notitiae,
1274 1010 1396 1077 quia
1415 1025 1526 1064 rem
1544 1011 1963 1076 notamindieat,
2003 1010 2240 1077 adeoque

346 1103 486 1157 idem
503 1102 853 1157 indicativum
872 1102 1165 1173 appellabo.

450 1207 503 1259 3.
540 1206 735 1261 Verum
766 1209 906 1261 enim
924 1222 1043 1261 vero
1063 1207 1149 1259 hie
1168 1222 1302 1260 usus
1321 1208 1474 1260 istius
1510 1210 1559 1271 ῃ
1607 1213 1810 1261 tantum
1846 1207 2020 1261 locum
2046 1205 2241 1263 habere

349 1300 519 1362 potest
545 1294 599 1345 in
632 1293 982 1361 appellativis,
1022 1294 1284 1347 adieetivis
1304 1300 1355 1346 et
1373 1294 1685 1362 participiis3
1727 1300 1780 1346 at
1795 1295 1976 1347 nonin
1995 1294 2239 1362 propriis,

346 1385 518 1438 neque
544 1371 598 1423 iu
626 1370 922 1435 infinitivis,
961 1384 1134 1438 neque
1162 1371 1388 1437 denique
1419 1373 1474 1423 in
1505 1370 1792 1434 adverbiis,
1834 1373 1957 1439 quia
1983 1370 2068 1424 his
2086 1385 2248 1424 num-

349 1464 506 1516 quam
542 1450 647 1501 nisi
686 1462 796 1502 rem
837 1449 1183 1516 singularem,
1223 1461 1330 1500 non
1369 1457 1542 1501 autem
1579 1448 1728 1516 plura
1762 1448 2000 1501 eiusdem
2037 1449 2245 1515 generis

348 1524 733 1593 signifieamnsz
772 1532 823 1579 et
851 1526 994 1593 quod
1022 1525 1086 1578 ad
1118 1524 1329 1579 relativa
1346 1526 1555 1589 attinet,
1594 1539 1654 1577 ea
1673 1538 1962 1592 numquam
1982 1524 2241 1589 absolute,

347 1612 442 1665 sed
480 1612 593 1665 solo
630 1613 879 1680 regimine
914 1610 1230 1665 indicentur.
1301 1611 1433 1664 Nam
1472 1616 1524 1662 et
1557 1610 1656 1663 hoe
1691 1611 1924 1680 apprime
1961 1610 2026 1664 de
2053 1612 2148 1664 hoe
2191 1614 2242 1675 n

347 1697 633 1751 notandum
662 1704 767 1762 est,
812 1697 952 1766 quod
980 1710 1270 1764 numquam
1290 1696 1520 1760 nomini,
1560 1698 1770 1764 quando
1789 1698 2072 1768 genitivum
2089 1696 2237 1764 regit,

349 1775 675 1843 praefigatur,
698 1775 851 1828 euius
870 1776 941 1828 rei
960 1789 1173 1828 eausam
1191 1775 1324 1828 infra
1341 1775 1396 1827 in
1415 1774 1514 1828 hoe
1533 1787 1649 1842 eap.
1672 1777 1964 1830 ostendam.
1977 1771 2045 1844 *J

451 1871 504 1921 4.
542 1869 702 1922 Porro
752 1870 873 1936 quia
919 1869 1134 1923 nomina
1170 1870 1347 1923 omnia
1383 1870 1521 1938 apud
1556 1867 1824 1923 Hebraeos
1860 1868 2243 1924 indeclinabilia

349 1952 476 1997 suut
489 1986 502 2011 ,
536 1948 897 2014 exprimuntur
914 1961 1069 2000 casus
1090 1946 1400 2016 plerumque
1421 1947 1529 2000 sole
1548 1950 1993 2014 praepositionum
2013 1962 2245 2015 quarun-

351 2021 470 2076 dam
505 2023 900 2090 significatione.
970 2025 1100 2076 Dieo
1144 2026 1561 2092 eignffleatione.
1632 2027 1764 2077 Nam
1807 2025 2236 2094 praepositione,

348 2107 407 2152 ut
441 2101 543 2159 iam
584 2101 835 2166 diximus,
876 2102 1159 2168 genitivum
1198 2101 1438 2168 (nomine
1473 2103 1610 2154 enim
1647 2103 1801 2170 sunt)
1826 2117 2000 2155 revera
2035 2109 2239 2170 regunt.

348 2177 452 2231 Sed
482 2179 617 2231 sieut
644 2179 785 2249 apud
811 2180 1034 2232 Graecos
1064 2179 1480 2248 praepositiones
1510 2177 1716 2231 ablativi
1734 2180 2016 2246 genitivum
2037 2186 2240 2246 regunt,

350 2263 402 2309 et
429 2256 540 2309 sola
570 2270 747 2310 earum
778 2255 1149 2323 significatione
1174 2256 1432 2322 genitivus
1457 2254 1630 2308 locum
1658 2255 1856 2308 obtinet
1892 2255 2126 2317 ablativi,
2165 2257 2246 2307 sie

349 2333 490 2400 apud
517 2331 784 2386 Hebraeos
811 2346 994 2385 omnes
1021 2333 1304 2399 genitivum
1332 2339 1544 2398 regunt,
1582 2338 1635 2384 et
1653 2333 1763 2385 sole
1781 2347 1956 2386 earum
1977 2331 2244 2399 signifiea-

350 2410 491 2462 tione
509 2410 764 2476 genitivus
784 2410 955 2463 locum
976 2410 1300 2476 reliquorum
1319 2423 1536 2462 casuum
1561 2409 1776 2462 obtinet.

455 2505 507 2556 5.
542 2505 963 2572 Praepositiones
998 2503 1306 2572 pierumque
1343 2503 1552 2556 casibus
1589 2504 1921 2558 inservientes
1960 2510 2086 2556 sunt
2113 2503 2237 2554 hae:

352 2567 410 2656 5,
449 2566 555 2655 Βκ,
592 2598 655 2654 2,
697 2598 744 2652 ῃ
784 2598 836 2643 et
871 2596 962 2678 p),
1001 2594 1089 2666 οη
1123 2596 1221 2642 ete.
1293 2589 1369 2640 Ex
1386 2588 1469 2643 his
1488 2595 1661 2643 nutem
1699 2568 1735 2652 ‘7
1773 2596 1824 2642 et
1858 2598 1899 2653 2
1936 2587 2243 2642 nominibus

352 2677 672 2744 praepositae
700 2660 1020 2744 punctaiitur
1044 2689 1163 2727 eum
1183 2675 1398 2740 seheva3
1439 2683 1486 2736 τ)
1507 2683 1700 2740 autem,
1723 2677 1844 2743 quia
1862 2676 1977 2729 loeo
1997 2681 2066 2765 'Q
2089 2689 2244 2726 usur-

353 2768 520 2828 patur,
542 2767 823 2830 punctatur
839 2776 960 2816 eum
979 2760 1177 2828 ghirek,
1200 2767 1251 2813 et
1285 2765 1313 2822 J
1351 2776 1446 2830 per
1461 2769 1716 2831 punctum
1754 2759 1886 2826 &2⁴7
1925 2764 1979 2814 in
1999 2762 2240 2827 sequenti

353 2846 496 2899 litera
541 2855 933 2915 compensatur,
979 2853 1039 2899 ut
1083 2849 1258 2902 omnia
1303 2849 1358 2901 in
1405 2849 1748 2916 sequentibus
1796 2849 2043 2914 exemplis
2080 2847 2238 2902 videri

354 2930 596 2988 possunt.

459 3138 499 3186 ·)
524 3138 625 3183 vid.
646 3140 766 3188 infra
786 3145 827 3196 ς.
848 3146 913 3186 12.
932 3155 1037 3202 sqq.
