2548 3485
1163 0 1250 18 Ἤ

336 138 466 201 200
743 138 1136 221 ‘reserares
1172 138 1572 187 Tanohoelco
1583 167 1608 180 -
1618 140 1828 188 Poer.

304 386 311 393 θ
340 328 433 375 aut
447 318 588 387 quod
607 320 735 372 ratio
752 318 1049 387 religionem
1068 316 1169 369 sibi
1187 314 1418 371 ancillari
1437 318 1574 379 velit,
1597 323 1650 369 et
1666 318 1806 385 qnod
1825 325 2047 385 utraque
2065 331 2222 371 snum

339 410 557 463 regnum
570 410 778 449 summa
792 409 911 449 cum
934 394 1208 449 eoncordia
1226 394 1462 447 obtinere
1478 402 1729 462 nequeat:
1751 408 1854 461 qua
1869 396 1934 448 de
1953 408 2008 447 re
2027 395 2220 447 statim.

338 476 471 528 Nam
519 473 607 527 hic
650 480 769 526 ante
814 473 987 534 omnia
1030 474 1183 525 istius
1227 470 1418 525 Rabini
1463 473 1692 539 regulam
1739 474 2026 525 examinare
2070 470 2224 523 libet:

340 551 424 606 13.
462 554 541 614 Is,
582 552 659 604 uti
688 551 941 613 diximus,
980 549 1088 601 vult
1114 564 1210 601 nos
1238 550 1292 601 id
1321 564 1503 612 omne,
1542 551 1681 617 quod
1711 550 1975 617 Scriptura
2003 548 2221 601 affirmat

338 635 429 682 ant
448 635 623 696 negat,
647 635 916 694 tamqnam
933 640 1110 679 verum
1130 626 1399 693 amplecti,
1421 627 1502 679 vel
1521 632 1785 693 tamquam
1807 627 1994 679 falsum
2013 626 2220 679 relicere

338 706 528 759 teneriz
568 705 754 758 deinde
775 704 1090 771 scripturam
1109 717 1377 769 nunquam
1397 702 1596 770 aliquid
1615 705 1874 771 expressis
1895 702 2064 756 verbis
2082 702 2221 755 affir-

337 798 478 837 mare
492 782 570 836 vel
590 796 802 849 negare,
842 781 1153 845 contrarium
1173 780 1219 845 ei
1239 780 1380 847 quod
1400 781 1456 833 in
1474 780 1573 833 alio
1595 780 1709 834 loco
1729 782 1998 834 affirmavit
2015 780 2096 831 vel
2117 794 2217 831 ne—

336 861 491 927 gavit.
566 859 713 923 Quae
744 858 849 911 duo
876 871 1034 924 quam
1065 864 1254 910 temere
1273 855 1408 910 dicta
1428 858 1559 921 sint,
1597 872 1753 911 nemo
1774 851 2008 923 ignorare
2025 863 2216 923 potest.

277 938 281 943 ’
340 938 427 990 14.
462 937 593 989 Nam
622 936 806 988 utiam
834 928 1095 996 omittam,
1135 934 1402 1000 quodnon
1422 934 1858 997 animadverterit,
1899 934 2222 1005 scripturam

340 1014 559 1067 diversis
576 1012 724 1065 libris
744 1019 979 1065 constare
993 1050 1008 1072 ,
1048 1011 1265 1081 diversis
1285 1008 1607 1078 temporibus
1621 1050 1638 1075 ,
1675 1012 1894 1065 diversis
1913 1010 2219 1063 hominibus

339 1097 392 1143 et
417 1090 698 1157 denique-a
726 1089 943 1141 diversis
962 1086 1262 1142 auctoribus
1282 1089 1526 1155 scriptam
1545 1102 1664 1139 esse
1677 1125 1693 1151 ,
1731 1095 1844 1141 tum
1863 1089 1960 1141 hoc
1979 1088 2216 1151 alterum,

340 1166 481 1233 quod
510 1165 635 1219 haec
660 1181 721 1219 ex
750 1166 952 1233 propria
970 1166 1267 1217 auctoritate
1280 1204 1295 1227 ,
1336 1171 1387 1217 et
1406 1166 1600 1217 ratione
1617 1172 1670 1219 et
1688 1166 1953 1233 Scriptura
1974 1163 2102 1218 nihil
2123 1164 2222 1216 tale

340 1243 665 1306 dicentibus,
703 1249 923 1305 statuat3
964 1240 1232 1313 debuisset
1256 1242 1396 1293 enim
1415 1240 1686 1295 ostendere
1705 1244 1884 1297 omnia
1902 1242 2043 1304 loca,
2082 1256 2220 1310 quae

340 1323 445 1373 n‘on
490 1321 595 1373 nisi
637 1335 730 1389 per
772 1318 1195 1385 consequentiam
1242 1316 1360 1371 aliis
1393 1326 1711 1387 repugnant,
1755 1335 1916 1389 posse
1948 1336 2006 1373 ex
2042 1327 2222 1373 natura

340 1398 549 1465 linguae
582 1404 635 1451 et
669 1398 865 1451 ratione
900 1396 999 1449 loci
1035 1394 1307 1449 commode
1335 1395 1680 1465 metaphorice
1709 1398 1971 1464 explicari:
2013 1395 2218 1458 deinde,

342 1476 659 1541 scripturam
678 1474 743 1527 ed
766 1481 969 1527 nostras
986 1487 1176 1525 manns
1194 1472 1546 1541 incorruptam
1568 1475 1790 1526 venisse.
1867 1474 1952 1527 15.
1991 1474 2093 1527 Sed
2114 1488 2222 1526 rem

341 1552 521 1606 ordine
548 1552 927 1613 examinemus,
965 1558 1017 1603 et
1043 1549 1278 1617 quidem
1285 1550 1418 1601 cirea
1445 1552 1673 1618 primum
1695 1566 1845 1617 rogo·
1860 1542 2011 1618 'quid
2029 1552 2072 1603 si
2092 1552 2224 1603 ratio

344 1628 612 1691 reclamet,
644 1643 715 1685 an
734 1626 1075 1681 nihilominus
1095 1633 1332 1698 tenemur
1347 1625 1432 1689 id,
1463 1628 1606 1693 quod
1625 1629 1888 1695 Scriptura
1907 1627 2126 1681 affirmat
2141 1626 2221 1681 vel
2301 1672 2310 1683 .

343 1713 519 1770 neget,
559 1712 824 1771 tamquam
850 1718 1027 1756 verum
1053 1702 1320 1771 amplecti,
1358 1703 1438 1758 vel
1464 1710 1731 1774 tamquam
1761 1704 1950 1759 salsum
1980 1700 2226 1758 reiicere?

342 1773 412 1834 A't
432 1782 563 1833 forte
575 1781 760 1842 addet,
800 1781 930 1832 nihil
948 1782 1002 1834 in
1022 1781 1291 1847 Scriptura
1311 1783 1550 1849 reperiri,
1591 1784 1732 1852 quod
1751 1784 1930 1836 rationi
1951 1789 2220 1851 repugnet.

341 1861 532 1910 Verum
560 1873 653 1924 ego
679 1859 847 1918 insto,
884 1858 1050 1925 ipsam
1068 1871 1310 1924 expresse
1328 1857 1579 1912 affirmare
1599 1868 1652 1913 et
1667 1859 1878 1922 docere,
1915 1860 2085 1914 Deum
2105 1873 2222 1911 esse

342 1933 631 2002 zelotypum
650 1935 892 2001 (nempe
878 1949 932 1986 ιιι
950 1935 1065 2002 ipso
1086 1934 1328 2002 decalogo
1347 1943 1398 1988 et
1414 1937 1577 1990 Exod.
1599 1951 1648 1988 c.
1665 1939 1719 1990 4.
1741 1939 1976 1992 verm-14.
1996 1944 2048 1988 et
2061 1938 2218 1990 Dent.

342 2027 459 2080 cap.
481 2014 535 2064 4.
566 2025 698 2064 vers.
719 2013 807 2068 24.
838 2019 890 2064 et
912 2010 1155 2080 pluribus
1183 2011 1300 2064 eliis
1335 2012 1510 2078 locis).
1582 2013 1744 2080 Atqui
1783 2014 1882 2066 hoc
1917 2013 2100 2066 rationi
2136 2027 2222 2064 re·-

344 2097 563 2158 pugnam
598 2101 720 2154 ergo
750 2087 1091 2142 nihilominus
1118 2096 1385 2156 tamqnam
1415 2105 1590 2144 verum
1627 2091 1950 2158 ponendum.
2023 2092 2134 2141 Imo
2171 2089 2218 2140 si

342 2166 597 2234 quaedem
634 2167 689 2217 in
724 2166 990 2232 Scriptura
1026 2166 1374 2233 reperiantur,
1413 2182 1548 2233 quae
1583 2175 1880 2236 supponant
1898 2169 2079 2220 Deum
2116 2181 2219 2218 non

341 2258 456 2296 esse
480 2244 798 2310 zelotypum,
836 2257 895 2293 ea
924 2245 1215 2295 necessario
1236 2243 1581 2310 metaphorice
1599 2252 1776 2298 essent
1794 2244 2124 2313 explicanda,
2162 2251 2223 2296 ut

344 2321 468 2373 nihil
500 2320 598 2373 tale
628 2333 921 2410 supponere
938 2319 1222 2372 videantur.
1301 2321 1383 2373 16.
1425 2322 1510 2373 Sic
1529 2323 1680 2373 etiam
1702 2323 1965 2388 Scriptura
1985 2335 2222 2389 expresse

342 2398 494 2460 dicit,
529 2399 700 2450 Deum
737 2397 793 2448 in
823 2403 1051 2449 montem
1080 2397 1229 2448 Sinai
1258 2396 1590 2451 descendisse
1616 2397 1772 2466 (vide
1797 2398 1963 2449 Exod.
1997 2413 2111 2464 cap.
2137 2400 2218 2452 19.

343 2488 478 2528 vers.
496 2475 583 2528 20.
605 2475 757 2538 etc.),
778 2474 986 2540 ipsique
1004 2472 1135 2526 alios
1154 2481 1329 2526 motus
1348 2473 1536 2528 locales
1558 2475 1764 2537 tribuit,
1793 2490 1888 2526 nec
1907 2475 2057 2526 ullibi
2076 2475 2226 2528 docet

346 2556 609 2618 expresse,
647 2545 951 2603 Deum‘non
978 2551 1197 2614 moveri,
1238 2551 1472 2617 adeoque
1502 2551 1598 2604 hoc
1625 2553 1779 2604 etiam
1807 2551 2054 2604 omnibus
2083 2559 2224 2605 tam-

345 2643 503 2696 quam
528 2641 708 2680 verum
736 2626 1138 2688 admittendum·
1183 2635 1235 2678 et
1260 2628 1399 2693 quod
1429 2629 1670 2681 Salomon
1699 2627 1849 2690 dicit,
1887 2629 2056 2680 Deum
2081 2631 2226 2682 nullo

344 2706 459 2759 loeo
488 2700 853 2773 comprehendi
882 2703 1022 2769 (vide
1044 2704 1068 2755 1
1094 2706 1224 2770 Res.
1246 2718 1363 2772 cap.
1385 2705 1438 2758 8.
1461 2719 1591 2758 vers.
1609 2705 1755 2772 27.).
1793 2705 2223 2785 qnandoquidem

347 2797 451 2836 non
479 2795 718 2850 expresse
742 2781 953 2844 statuit,
991 2780 1083 2833 sed
1117 2787 1320 2833 tantum
1347 2783 1472 2835 inde
1489 2782 1756 2850 sequitur,
1792 2784 1962 2836 Deum
1981 2797 2087 2834 non
2107 2798 2226 2834 mo-

345 2861 475 2920 veri,
513 2859 567 2920 id
589 2859 875 2912 necessario
896 2861 965 2912 ita
985 2841 1376 2925 explicandum,
1411 2874 1478 2913 ne
1493 2859 1728 2913 videatur
1743 2861 1854 2913 Deo
1871 2867 2072 2914 motum
2089 2859 2226 2912 loca-

346 2935 450 2986 lem
479 2935 762 2989 detrahere.
836 2935 920 2989 17.
960 2936 1047 2987 Sic
1074 2936 1226 2998 etiam
1256 2937 1385 2989 coeli
1424 2951 1518 3004 pro
1544 2938 1640 2990 Dei
1677 2936 1969 2990 habitaculo
2007 2945 2059 2989 et
2089 2936 2226 2989 solio

348 3011 590 3062 sumendi
610 3019 785 3066 essent
800 3050 812 3073 ,
850 3013 971 3078 qnia
992 3013 1256 3080 Scriptura
1270 3011 1326 3064 id
1345 3027 1581 3080 expresse
1599 3013 1831 3068 affirmat.
1905 3015 1971 3066 Et
1991 3013 2053 3066 ad
2085 3013 2224 3066 hunc

349 3086 563 3140 modum
590 3086 811 3157 plurima
842 3088 1131 3144 secundum
1158 3090 1434 3160 opiniones
1450 3092 1818 3160 prophetarum
1836 3098 1888 3146 et
1905 3091 2041 3158 vulgi
2064 3090 2217 3158 dicta,
