2548 3485
369 161 489 224 160
756 169 1147 216 TRAcTATUs
1186 167 1584 218 Trinummo«)
1599 199 1623 208 -
1633 171 1841 218 Pom‘r.

361 347 635 400 maximam
652 361 830 400 earum
849 356 1045 416 partem
1074 348 1426 416 descripserit,
1468 349 1751 402 notandum
1772 389 1786 413 ,
1829 347 1971 415 quod
2001 345 2245 416 praefecti

360 427 467 478 sive
494 426 755 493 principes
784 426 1095 479 ludaeorum
1123 429 1177 479 in
1204 429 1432 480 secundo
1459 427 1677 493 templo,
1717 433 1776 478 ut
1801 440 1982 478 eorum
2009 439 2157 492 reges
2191 426 2248 478 iu

360 504 559 570 primo,
596 501 798 556 scribas
824 504 931 556 slve
958 504 1396 571 historiographos
1429 502 1739 565 babuerunt,
1783 505 1872 569 qui
1900 504 2112 556 annales
2139 504 2248 555 sire

358 593 540 632 eorum
570 578 954 646 chronologiam
982 581 1276 633 successive
1311 578 1626 632 scribebant.
1697 581 2070 648 chronologiae
2105 582 2244 632 euim

360 671 541 724 regum
568 659 677 709 sive
705 657 917 709 annales
944 657 1161 710 inlibris
1178 672 1358 725 regum
1379 659 1571 725 passim
1593 659 1839 720 citantur3
1879 666 1930 709 at
1951 658 2244 724 principum

358 743 409 785 et
444 734 771 786 sacerdotum
810 735 1029 786 secundi
1065 735 1243 802 templi
1279 737 1502 787 citantur
1539 735 1705 801 primo
1741 736 1796 787 in
1833 734 1928 786 lib.
1966 735 2246 788 Nebemiae

358 825 473 878 cap.
510 811 595 864 12.
632 825 770 864 vers.
800 811 920 875 2³„
974 811 1162 864 deiude
1199 813 1251 864 iu
1289 812 1463 866 Macb.
1501 811 1595 863 lib.
1629 814 1678 868 1.
1715 825 1832 880 cap.
1865 814 1950 866 16.
1987 825 2123 865 vers.
2153 814 2240 864 24.

356 891 444 942 25.
466 889 533 940 Et
549 888 664 940 siue
682 887 843 942 dubio
861 888 947 940 bic
962 888 1051 940 ille
1068 896 1149 941 est
1164 890 1296 941 liber
1312 889 1456 956 (vide
1476 889 1592 940 Est.
1613 903 1728 956 cap.
1751 892 1802 944 9.
1825 903 1958 942 vers.
1972 890 2057 945 29.
2073 893 2242 955 sqq.),

358 966 423 1018 de
443 979 549 1032 quo
567 964 723 1017 modo
742 965 899 1019 locuti
919 979 1107 1018 sumus
1120 1006 1134 1028 ,
1166 965 1259 1018 ubi
1280 965 1504 1018 edictum
1522 967 1722 1020 Eeteris
1741 974 1794 1018 et
1809 967 1896 1019 illa
1914 966 2240 1020 Mardocbaei

357 1043 547 1110 scripta
575 1050 747 1105 eraut,
787 1057 1049 1109 quemque
1080 1057 1199 1094 cum
1226 1042 1378 1096 Abeu
1410 1043 1573 1096 Hezra
1601 1045 1820 1110 periisse
1849 1044 2095 1096 diximus.
2166 1043 2243 1094 Ex

356 1119 453 1171 boc
478 1121 635 1186 igitur
660 1119 791 1172 libro
816 1121 1019 1181 omnia,
1062 1135 1195 1186 quae
1228 1122 1284 1172 iu
1321 1120 1464 1172 hisce
1501 1122 1847 1182 continentur,
1887 1121 2126 1173 desumta
2159 1119 2240 1171 vel

356 1197 651 1266 descripta
644 1196 909 1258 videntum
948 1197 1129 1248 nuilus
1159 1199 1298 1249 enim
1327 1197 1464 1251 allus
1487 1197 1554 1250 ab
1573 1212 1753 1250 eorum
1775 1200 2022 1265 scriptore
2039 1199 2239 1258 citatur,

356 1287 527 1340 neque
542 1259 713 1325 ullum
732 1273 895 1326 alium
916 1273 1151 1340 publicae
1172 1274 1486 1326 auctoritatis
1508 1277 1765 1328 novimus.
1837 1277 1924 1330 26.
1963 1275 2122 1338 Quod
2141 1286 2243 1326 au-

356 1359 459 1402 tem
480 1351 532 1402 bi
552 1350 670 1402 libri
688 1365 787 1403 uec
814 1351 877 1404 ab
897 1351 1092 1413 Hezra,
1132 1367 1225 1403 uec
1245 1367 1274 1402 a
1293 1351 1536 1402 Nehemia
1565 1353 1742 1418 scripti
1771 1352 1986 1416 fuerint,
2026 1357 2168 1420 patet
2185 1363 2243 1404 ex

354 1443 444 1489 eo,
482 1428 627 1494 quod
654 1429 869 1480 Nebem.
892 1442 1007 1496 cap.
1030 1430 1113 1483 12.
1136 1443 1183 1480 v.
1206 1429 1258 1480 9.
1285 1431 1369 1480 10.
1395 1427 1696 1493 producitur
1725 1427 2022 1495 genealogia
2049 1431 2242 1482 summi

353 1504 611 1571 pontificis
644 1505 897 1572 Iesubgae
926 1519 1101 1571 usque
1126 1505 1190 1557 ad
1219 1504 1442 1565 laduab,
1485 1510 1685 1556 sextum
1715 1505 1914 1558 scilicet
1945 1504 2240 1571 pontificem

356 1590 407 1633 et
444 1584 539 1648 qui
568 1582 861 1635 Alexandro
889 1585 1105 1648 Magno,
1144 1584 1245 1633 iam
1290 1581 1396 1632 rere
1433 1583 1709 1634 Persarum
1745 1583 1962 1649 imperio
1997 1581 2238 1645 subacto,

356 1659 561 1712 obviam
590 1661 682 1712 ivit
710 1659 855 1727 (vide
871 1661 1077 1726 Iosepbi
1095 1657 1273 1725 Autiq.
1297 1657 1392 1710 lib.
1414 1658 1499 1711 11.
1521 1672 1636 1725 cap.
1657 1659 1736 1725 8.)
1752 1697 1766 1722 ,
1803 1659 1885 1712 vel
1903 1665 1964 1710 ut
1977 1658 2128 1711 Philo
2148 1660 2242 1710 lu-

355 1736 519 1789 daeus
546 1738 601 1789 iu
634 1735 767 1789 libro
788 1744 1079 1805 temporum
1100 1737 1197 1799 ait,
1236 1741 1436 1787 sextum
1457 1744 1510 1787 et
1525 1735 1766 1789 ultimum
1790 1735 1892 1789 sub
1913 1736 2086 1788 Persis
2105 1751 2243 1804 pon-

354 1813 563 1865 titlcem.
635 1815 723 1870 27.
762 1815 875 1865 lmo
900 1816 953 1866 in
984 1814 1164 1866 eodem
1196 1814 1294 1865 boc
1320 1813 1598 1867 Nebemiae
1627 1829 1740 1881 cap.
1769 1828 1905 1867 vers,
1935 1814 2134 1867 scilicet
2151 1814 2239 1870 22.

354 1890 453 1941 boc
472 1892 645 1957 ipsum
668 1889 803 1943 clare
824 1892 1098 1943 iudicatur.
1172 1892 1417 1952 Levitae,
1457 1892 1628 1957 inquit
1655 1891 1952 1953 historicus,
1995 1894 2245 1960 tempor-2³

355 1967 610 2030 Elr’nn‘bi,
650 1968 892 2034 loiadao,
933 1970 1205 2022 Ionatam‘s
1232 1974 1288 2019 et
1317 1968 1546 2019 Iaduhao
1575 1982 1739 2035 supra
1757 1969 1810 2037 ¹)
1839 1984 2064 2037 regnum
2081 1969 2246 2021 Darii

353 2045 547 2095 Persae
581 2047 773 2113 scripte·
804 2051 953 2111 eunt,
1004 2058 1190 2112 nempe
1226 2046 1282 2098 iu
1323 2045 1690 2111 chronologiis.
1769 2044 1942 2112 Atque
1978 2046 2238 2098 neminem

354 2123 645 2175 existimare
674 2122 855 2186 credo,
896 2123 1035 2189 quod
1064 2124 1257 2174 Hezras
1286 2130 1380 2173 aut
1404 2122 1682 2175 Nebemias
1711 2121 1840 2174 adeo
1865 2121 2094 2188 longaevi
2125 2120 2242 2173 fue-

356 2202 493 2260 rint,
540 2207 599 2251 ut
634 2200 1027 2265 quatuordecim
1065 2214 1212 2266 reges
1253 2202 1529 2251 Persarum
1565 2199 1937 2265 supervixerint
1951 2200 2027 2267 ²).
2105 2198 2240 2252 Nam

457 2430 501 2482 1)
540 2430 637 2474 Nisi
666 2427 902 2485 siguificat
926 2429 1075 2471 altra.
1112 2428 1259 2473 Error
1283 2428 1592 2475 describentis
1621 2428 1733 2485 tuit,
1761 2428 1844 2485 qui
1869 2398 1945 2493 ¹79
1979 2436 2138 2484 snpra
2153 2440 2240 2485 pro

354 2506 439 2571 ⁸¹19
458 2516 609 2564 arque
627 2505 831 2561 scripsit-
888 2501 975 2559 Sp.
997 2506 1018 2530 *

410 2621 415 2628 .
454 2593 502 2645 Ξ)
537 2590 713 2637 Eczras
742 2590 1001 2636 avunculus
1028 2590 1167 2646 primi
1194 2590 1370 2636 summi
1401 2590 1634 2647 pontificis
1663 2590 1835 2637 iosuae
1863 2589 2007 2647 (Gan.
2028 2590 2136 2636 add.
2165 2589 2240 2635 ssis

355 2653 413 2697 de
440 2663 525 2697 sou
556 2651 698 2703 frere)
727 2650 817 2695 ruit
843 2651 952 2704 (vid.
980 2651 1085 2695 Est.
1112 2662 1212 2706 cap.
1235 2653 1276 2695 τ.
1298 2664 1339 2695 v.
1362 2655 1399 2694 1.
1421 2658 1468 2696 et
1494 2656 1516 2693 1
1535 2651 1691 2698 Paral.
1715 2663 1756 2695 ο.
1777 2653 1818 2694 6.
1841 2664 1881 2696 ν.
1905 2652 1971 2695 18.
1993 2652 2059 2696 11.
2082 2652 2166 2704 15.)
2195 2656 2243 2696 et

353 2708 496 2757 simul
523 2722 632 2756 cum
658 2710 955 2757 zorobabele
984 2708 1123 2763 (Gall.
1154 2722 1266 2755 avec
1296 2722 1349 2755 ce
1377 2711 1556 2767 poutire
1575 2711 1944 2767 couJoiutemeut
1961 2721 2074 2756 avec
2091 2710 2239 2755 Zoro-

354 2769 516 2824 babcl)
540 2768 781 2825 Babylone
808 2768 1181 2825 Hierosolymam
1210 2769 1450 2826 profectus
1481 2777 1566 2815 est.
1620 2770 1723 2815 vid.
1755 2770 1952 2816 Nehem.
1984 2782 2023 2815 ο.
2045 2771 2111 2812 12.
2133 2782 2174 2813 v.
2198 2773 2240 2813 1.

355 2831 444 2876 Sed
465 2830 671 2885 videtur,
691 2830 815 2887 quod
831 2862 844 2883 ,
876 2841 981 2874 cum
1004 2828 1292 2874 ludaeorum
1312 2842 1388 2875 res
1409 2830 1585 2875 turbari
1606 2830 1799 2887 viderit,
1829 2829 2123 2876 Babilouiam
2147 2830 2237 2875 ite-

356 2902 459 2935 rum
478 2889 666 2945 petierit
684 2890 829 2946 (quod
851 2890 991 2939 etiam
1012 2888 1091 2933 alii
1114 2889 1345 2944 feceruut,
1367 2895 1420 2934 ut
1436 2895 1564 2945 patet
1581 2902 1638 2935 ex
1657 2890 1856 2953 Neijem.
1873 2902 1918 2935 o.
1940 2892 1979 2932 1.
1997 2902 2041 2935 r.
2059 2891 2121 2941 2.)
2143 2889 2238 2934 ibi-

355 2960 447 3005 que
464 2960 616 3007 usque
633 2950 692 2995 ad
710 2949 967 2995 Artbasasti
988 2960 1181 3005 reguum
1202 2950 1455 3007 manserit,
1483 2949 1632 2995 donee
1650 2950 1912 3006 impetratis
1929 2960 2054 3005 quae
2070 2948 2238 2995 volue-

355 3013 430 3051 rat
464 3010 669 3054 seouudo
708 3007 1083 3064 Hierosolymam
1120 3009 1267 3064 petiit.
1331 3008 1583 3056 Nebemias
1619 3010 1762 3055 etiam
1799 3020 1906 3055 euru
1943 3007 2240 3055 zorobabele

356 3066 729 3125 Hierosolymam
756 3074 968 3123 tempore
988 3068 1092 3124 Gyri
1120 3067 1268 3125 petiit.
1325 3068 1426 3114 vid.
1447 3070 1584 3115 llezr.
1605 3082 1709 3126 cap.
1727 3071 1770 3111 2.
1792 3081 1835 3113 v.
1853 3070 1895 3109 2.
1914 3075 1964 3113 et
1977 3069 2044 3111 63.
2059 3100 2073 3121 ,
2093 3079 2238 3125 quem

358 3126 521 3171 oouier
547 3137 655 3171 cum
682 3138 724 3169 v.
744 3126 783 3169 9.
813 3138 855 3173 c.
874 3130 915 3171 8.
945 3127 1141 3173 Nebem.
1174 3138 1278 3185 cap.
1301 3131 1367 3173 10.
1396 3141 1439 3173 v.
1459 3132 1500 3174 2.
1556 3131 1673 3175 Nam
1703 3129 1828 3186 quod
1857 3130 2133 3183 interpretes
2171 3127 2236 3175 ibi
