2548 3485
367 182 485 242 146
754 184 1147 233 'raac‘m'rus
1184 185 1586 233 TnEonoelco
1597 207 1622 219 -
1632 183 1844 233 Pom'r.

362 364 540 417 decem
566 369 621 416 at
646 369 791 430 octo,
828 366 1085 418 mor-imre
1114 368 1292 416 autem
1319 363 1456 416 alios
1483 363 1634 416 duos.
1705 363 1796 418 23.
1835 364 1978 428 Quin
1997 369 2103 416 tota
2121 363 2247 416 haec

362 442 576 494 historia
605 456 719 509 cap.
752 442 837 494 13.
868 441 1008 492 nullo
1044 441 1198 493 modo
1238 456 1358 495 cum
1396 441 1822 499 antecedentibus
1857 442 2114 493 convenit.
2188 443 2248 491 ln

361 519 463 574 fine
500 533 615 585 cap.
638 518 689 570 7.
720 524 983 582 narratur,
1022 517 1163 584 quod
1200 518 1466 572 Philistaei
1501 518 1566 570 ab
1606 517 1862 571 Hebraeis
1896 520 1970 570 ita
2008 517 2250 570 debellati

360 596 599 658 fuerunt,
639 601 699 647 ut
733 608 837 646 non
877 595 1068 646 fuerint
1096 597 1212 649 ausi
1250 597 1447 650 vivente
1476 597 1718 649 Samuele
1753 597 2004 653 tei-,minos
2042 595 2250 646 Israelis

358 671 563 740 ingredi
576 688 590 732 ;
632 678 685 723 at
712 671 822 735 hic,
862 671 1003 738 quod
1032 671 1259 725 Hebraei
1299 672 1534 739 (vivente
1571 673 1844 734 Samuele)
1883 687 1917 724 a
1949 672 2251 727 Phiiistaeis

358 749 701 811 invaduntur,
744 765 773 800 a
800 747 995 815 quibus
1014 748 1079 801 ad
1102 755 1294 802 tantam
1315 751 1589 810 miseriam,
1599 757 1650 802 et
1677 756 2034 818 paupertatem
2054 749 2248 802 redacti

358 827 593 886 fuerant,
637 833 694 877 ut
710 827 899 888 armiS,
937 825 1131 892 quibus
1148 841 1203 880 se
1234 825 1513 880 defendere
1541 832 1784 896 possent,
1827 826 2246 889 destituerentur,
2343 886 2346 892 ,

361 910 415 955 et
450 903 667 970 insuper
704 903 891 955 mediis
922 905 1103 956 eadem
1132 903 1464 956 conficiendi.
1536 908 1623 959 24.
1664 903 1916 957 Sudarem
1947 919 2072 957 sane
2101 905 2246 965 satis,

358 982 404 1033 si
453 994 637 1032 omnes
684 979 779 1032 has
826 979 1107 1042 historia,
1166 996 1300 1047 quae
1351 983 1405 1033 in
1451 981 1548 1033 hoc
1593 979 1939 1048 primo‚libro
1986 980 2248 1038 Samuelis

360 1055 649 1118 habentur,
707 1057 778 1108 ita
824 1071 1039 1110 conarer
1076 1059 1388 1122 conciliare,
1443 1065 1503 1112 ut
1539 1072 1720 1110 omnes
1757 1056 1822 1108 ab
1862 1072 1964 1110 uno
2004 1057 2248 1121 historico

360 1133 651 1201 descriptae
688 1141 738 1184 et
774 1133 1033 1186 ordinatae
1074 1136 1388 1188 viderentur.
1475 1135 1576 1189 Sed
1597 1134 1662 1188 ad
1703 1148 1876 1186 meum
1924 1135 2248 1202 propositum

359 1218 607 1265 revertor.
680 1210 824 1262 Anni
852 1213 1027 1278 itaque
1057 1213 1200 1278 regni
1232 1212 1406 1265 Saulis
1435 1213 1687 1281 superiori
1723 1213 2098 1278 computationi
2126 1218 2251 1271 sunt

358 1288 606 1340 addendi.
677 1289 765 1344 25.
802 1289 1039 1355 Denique
1066 1304 1233 1342 annos
1264 1290 1534 1344 anai-chiae
1560 1287 1923 1343 Hebraeorum
1959 1289 2124 1348 etiam,
2144 1303 2248 1349 non

359 1366 659 1429 numeravi,
700 1365 823 1431 quia
843 1380 948 1418 non
968 1375 1212 1420 constant
1242 1382 1303 1419 cx
1329 1369 1444 1435 ipsa
1465 1367 1751 1434 Scriptura.
1823 1366 1970 1428 Non,
2009 1366 2244 1432 inquam,

357 1443 485 1496 mihi
508 1441 711 1496 constit
729 1450 955 1511 tempus„
997 1459 1101 1511 quo
1121 1445 1211 1496 ilia
1230 1446 1559 1512 contigerint,
1600 1457 1735 1511 quae
1755 1457 1814 1496 ex
1835 1457 1949 1509 cap.
1974 1443 2058 1496 1-7.
2081 1457 2248 1508 usque

358 1521 423 1573 ad
452 1520 611 1572 finem
638 1518 760 1572 iibri
789 1519 1031 1572 Indicum
1064 1515 1362 1574 narrantur.
1431 1525 1519 1578 26.
1559 1521 1635 1572 Ex
1654 1521 1739 1575 his
1759 1522 1936 1587 itaque
1955 1519 2248 1572 clarissime

358 1599 627 1664 sequitur,
665 1611 833 1648 veram
854 1611 1110 1650 annorum
1131 1599 1574 1666 computationem
1595 1613 1766 1664 neque
1783 1611 1842 1650 ex
1858 1598 1990 1665 ipsis
2018 1597 2248 1652 historiis

363 1681 629 1735 constare,
668 1687 841 1739 neque
874 1675 1015 1740 ipsas
1043 1674 1286 1728 historias
1315 1678 1366 1728 in
1390 1692 1492 1729 una
1511 1675 1796 1742 eademque
1815 1675 2114 1736 convenire,
2155 1671 2248 1727 sed

359 1752 507 1805 valde
538 1750 1106 1821 diversas-supponere.
1176 1752 1254 1805 Ac
1290 1755 1507 1821 proinde
1547 1753 1842 1813 fatendum,
1880 1752 1974 1806 bas
2009 1750 2248 1822 historias

359 1843 418 1881 ex
447 1829 664 1881 diversis
684 1829 1021 1897 scriptoribus
1042 1830 1277 1885 collectas
1297 1846 1442 1895 esse,
1485 1845 1579 1883 nec
1605 1831 1775 1885 adhuc
1793 1829 2059 1886 ordinatas
2081 1842 2249 1894 neque

360 1906 672 1959 examinatas
699 1905 885 1959 fuisse.
958 1907 1045 1962 27.
1083 1910 1187 1961 Nec
1215 1909 1386 1959 minor
1413 1908 1612 1960 videtur
1641 1906 1809 1959 fuisse
1838 1907 1972 1960 circa
1992 1918 2244 1959 annorum

360 1985 797 2051 computationem
818 1984 1157 2053 discrepantia
1182 1984 1231 2037 in
1252 1985 1401 2038 libris
1421 1986 1798 2039 Chronicorum
1817 1999 1996 2051 regum
2017 1982 2174 2037 Iudae
2195 1989 2248 2033 et

359 2060 507 2114 libris
546 2060 917 2114 Chronicorum
956 2077 1134 2128 regum
1172 2063 1405 2115 Israelis·
1487 2064 1547 2115 In
1583 2063 1852 2115 chronicis
1889 2062 2028 2113 enim
2068 2074 2246 2125 regum

359 2139 572 2191 Israciis
600 2138 913 2202 habebatur,
956 2139 1095 2205 quod
1134 2139 1368 2191 lehoram
1407 2139 1544 2191 fliius
1575 2138 1775 2206 Aghabi
1813 2152 2022 2204 regnare
2056 2138 2248 2201 incepit

361 2231 497 2268 anno
518 2217 749 2269 secundo
769 2218 915 2282 regni
933 2216 1187 2268 lehorami
1209 2216 1298 2268 filii
1319 2216 1646 2283 lehosaphat.
1683 2215 1814 2267 Vide
1831 2217 2030 2281 Regum
2050 2212 2170 2266 libr.
2187 2215 2240 2267 2.

360 2308 474 2360 cap.
500 2294 550 2345 1.
578 2306 714 2345 vers.
740 2293 821 2345 17.
892 2292 965 2343 At
1004 2294 1058 2343 in
1088 2293 1356 2345 chronicis
1395 2309 1577 2360 regum
1607 2293 1794 2354 Iudae,
1834 2292 1972 2358 quod
2009 2291 2247 2343 lehoram

360 2370 501 2421 filius
520 2370 834 2436 Iehosaphat
861 2384 1071 2435 regnare
1098 2371 1293 2438 incepit
1320 2384 1457 2422 anno
1483 2371 1668 2436 quinto
1700 2370 1844 2435 regni
1864 2368 2122 2420 lehorami
2153 2367 2247 2420 lilii

361 2446 587 2513 Aghabi.
658 2446 788 2499 Vide
816 2461 931 2513 cap.
950 2449 1015 2499 ’8.
1047 2461 1181 2499 vers.
1205 2450 1289 2504 16.
1331 2448 1566 2501 eiusdem
1602 2446 1739 2498 iibri.
1811 2448 1900 2501 28.
1929 2446 2004 2496 Et
2039 2447 2086 2497 si
2127 2446 2248 2511 quis

363 2530 627 2592 praeterea
655 2523 903 2576 historias
921 2522 1288 2591 libri-Paralip.
1309 2524 1540 2577 conferre
1559 2523 1680 2575 velit
1695 2537 1815 2575 cum
1837 2522 2068 2575 historiis
2087 2522 2250 2575 libro-

363 2616 480 2655 rum
500 2602 701 2666 Regum
714 2640 729 2663 ‚
768 2600 947 2668 plures
967 2600 1169 2653 similes
1190 2602 1562 2668 discrepantias
1589 2601 1848 2661 inveniet,
1887 2615 2021 2666 quas
2039 2599 2127 2652 hie
2143 2615 2246 2651 non

362 2694 497 2747 opus
515 2677 679 2730 habeo
698 2692 988 2740 recensere,
1030 2684 1080 2730 et
1098 2679 1261 2733 multo
1283 2679 1462 2732 minus
1481 2682 1748 2730 auctorum
1765 2684 2086 2739 commenta,
2128 2677 2250 2742 qui·-

361 2756 463 2807 bus
483 2755 575 2809 has
594 2754 835 2809 historias
853 2756 1125 2807 conciliare
1146 2764 1416 2811 conantur.
1489 2752 1677 2807 Rabini
1698 2768 1924 2819 namque
1941 2755 2094 2821 piane
2116 2753 2248 2805 deii-

364 2840 495 2885 rant.
569 2833 1009 2885 commentatores
1046 2840 1245 2896 autem,
1288 2848 1422 2899 quos
1457 2833 1579 2896 legi,
1621 2832 1913 2893 somniant,
1958 2831 2161 2897 fingunt
2195 2837 2248 2881 et

362 2909 591 2976 linguam
625 2910 848 2977 denique
882 2910 1051 2976 ipsam
1080 2910 1231 2978 plane
1260 2914 1619 2976 corrumpunt.
1692 2910 1780 2962 29.
1821 2908 1884 2961 Ε.
1913 2924 1968 2973 g.
1998 2922 2162 2974 quum
2190 2908 2242 2957 in

363 2984 481 3037 libr.
514 2988 567 3038 2.
604 2987 829 3055 Paralip.
868 2986 1091 3041 dicitur:
1145 2987 1326 3039 Annos
1362 2986 1730 3053 quadraginta
1765 2985 1898 3037 duos
1933 2990 2091 3036 nanu
2126 2990 2248 3035 emt

364 3062 637 3126 Aghazia,
683 3080 845 3131 quum
879 3068 1162 3129 regnaret,
1212 3062 1418 3130 fingunt
1455 3062 1665 3129 quidam
1702 3062 1797 3115 hos
1835 3075 2002 3113 annos
2037 3062 2243 3113 initium

366 3152 545 3207 capere
574 3152 605 3193 a
632 3153 789 3207 regno
809 3142 1017 3208 Romi-i,
1055 3156 1160 3195 non
1181 3148 1357 3195 autem
1377 3156 1408 3193 a
1427 3142 1689 3197 nativitate
1706 3138 1996 3208 Agbaz-iaez
2035 3138 2176 3205 quod
2195 3141 2241 3191 ai
