2548 3485
291 231 412 292 102
682 233 1074 292 TRACTATUS
1111 233 1769 284 'rnssotomco-Pom‘r.

287 429 475 466 novum
507 415 732 480 videtur,
771 416 824 468 id
851 421 1023 468 tamen
1053 429 1242 466 novum
1272 429 1375 467 non
1406 421 1516 477 est,
1556 413 1721 465 sedin
1743 413 1993 479 saeculis,
2036 427 2168 480 quae

286 498 434 543 antea
463 493 672 544 fuerunt
701 499 751 544 et
787 507 1006 559 qnorum
1036 492 1179 545 nulla
1216 500 1297 543 est
1332 491 1577 543 memoria
1590 529 1607 555 ,
1648 492 1883 558 contigit;
1924 507 2072 554 nam,
2113 497 2171 542 ut

284 570 398 636 ipse
417 571 515 632 ait,
556 571 883 638 antiquorum
905 570 1045 623 nulla
1064 577 1146 622 est
1161 570 1302 637 apud
1322 569 1599 620 hodiernos
1633 569 1909 633 memoria,
1952 583 2047 620 nec
2065 569 2170 621 ulla

285 647 438 697 etiam
460 646 822 699 hodiernorum
843 646 982 715 apud
1001 653 1236 714 posteros
1255 648 1370 699 erit.
1444 645 1530 699 68.
1570 644 1770 697 Deinde
1798 649 1911 712 cap.
1934 647 1985 698 3.
2006 661 2056 697 v.
2082 647 2167 699 11.

285 724 434 789 dicit,
473 725 644 776 Deum
667 725 838 776 omnia
858 723 1020 791 probe
1038 727 1093 776 in
1113 739 1293 777 eorum
1314 731 1521 789 tempus
1552 722 1900 789 ordinavisse,
1940 732 2056 776 etv.
2083 726 2167 776 14.

285 815 342 852 se
371 803 576 854 novisse
600 803 697 865 ait,
739 801 879 870 quod
902 802 1152 873 quicquid
1172 803 1317 853 Deus
1339 801 1485 862 facit,
1526 797 1581 849 id
1601 800 1656 850 iu
1677 805 1940 852 aeternum
1961 812 2169 868 perma-

284 878 454 938 nebit,
500 893 596 932 uec
633 879 678 930 ei
715 879 910 946 aliquid
949 879 1096 942 addi,
1145 893 1240 931 nec
1280 877 1343 929 de
1380 892 1441 929 eo
1478 876 1671 942 aliquid
1710 877 1947 930 subtrahi
1984 892 2167 946 posse;

285 969 416 1022 quae
435 956 608 1008 omnia
627 956 910 1008 clarissime
929 955 1115 1008 docent
1128 995 1143 1019 ,
1181 961 1419 1007 naturam
1438 953 1597 1006 lixum
1617 962 1771 1021 atque
1792 955 2168 1008 immutabilem

284 1032 514 1084 ordinem
547 1047 776 1096 servare,
815 1035 984 1086 Deum
1013 1032 1258 1086 omnibus
1286 1030 1507 1084 saeculis
1538 1031 1691 1084 nobis
1724 1035 1865 1086 notis
1896 1040 1947 1086 et
1980 1034 2171 1101 ignotis

283 1109 505 1162 eundem
537 1111 730 1175 fuisse,
769 1111 1016 1179 legesque
1045 1116 1254 1163 naturae
1281 1111 1411 1162 adeo
1448 1109 1703 1174 periectas
1730 1117 1781 1162 et
1809 1110 2003 1164 fertiles
2032 1125 2169 1172 esse,

283 1195 343 1237 ut
384 1188 450 1238 iis
496 1187 622 1239 nihil
666 1188 788 1240 addi
833 1202 1004 1255 neque
1051 1187 1248 1239 detrahi
1299 1187 1499 1256 possit,
1558 1194 1607 1238 et
1655 1186 1880 1255 denique
1927 1188 2171 1241 miracula

282 1277 387 1315 non
427 1265 528 1316 nisi
564 1272 774 1332 propter
807 1265 1079 1317 bominum
1116 1265 1458 1331 ignorantiam
1498 1269 1558 1316 ut
1597 1263 1795 1331 aliquid
1837 1266 1955 1317 novi
1991 1266 2169 1318 videri.

284 1341 370 1393 69.
410 1342 554 1394 Haec
572 1343 730 1408 igitur
748 1343 803 1394 iu
823 1344 1087 1410 Scriptura
1117 1354 1359 1410 expresse
1389 1343 1661 1402 docentnr3
1704 1342 1989 1407 atnullibi,
2030 1343 2173 1411 quod

280 1419 336 1468 in
365 1426 546 1472 natura
585 1419 780 1488 aliquid
819 1423 1102 1486 contingat,
1144 1420 1286 1487 quod
1324 1421 1491 1486 ipsius
1529 1419 1732 1486 legibus
1770 1427 2043 1488 repugnet,
2084 1430 2174 1474 aut

283 1495 424 1561 quod
451 1509 511 1548 ex
533 1497 602 1548 iis
628 1505 854 1564 nequeat
874 1499 1052 1564 sequi3
1093 1496 1326 1563 adeoque
1345 1511 1518 1564 neque
1537 1499 1689 1550 etiam
1710 1499 2004 1564 scriptume
2023 1497 2175 1549 aflin-

282 1574 531 1638 gendum.
602 1573 686 1626 Aa
725 1574 852 1626 haec
885 1574 1084 1626 accedit
1104 1613 1119 1636 ‚
1178 1574 1319 1641 quod
1358 1574 1603 1626 miracula
1639 1587 1823 1627 causas
1860 1580 1910 1624 et
1946 1574 2173 1626 circum-

282 1651 497 1702 stantias
517 1651 781 1717 requirant
799 1650 886 1718 (ut
905 1653 1008 1703 iam
1032 1651 1409 1717 ostendimus),
1451 1659 1502 1703 et
1521 1651 1666 1719 quod
1684 1665 1789 1704 uon
1809 1656 2093 1716 sequantur
2112 1663 2172 1702 ex

280 1728 459 1779 nescio
479 1740 584 1795 quo
605 1729 822 1796 imperio
842 1729 984 1796 regio
997 1768 1012 1791 ,
1035 1727 1177 1795 quod
1196 1728 1382 1795 vulgus
1398 1731 1511 1781 Deo
1530 1728 1741 1796 affingit,
1766 1728 1857 1780 sed
1875 1740 1936 1780 ex
1953 1727 2170 1793 imperio

281 1812 333 1855 et
353 1805 556 1857 decreto
575 1804 748 1857 divino
763 1845 778 1868 ,
817 1804 914 1857 boc
932 1813 1012 1859 est
1029 1806 1118 1873 (ut
1137 1807 1290 1857 etium
1319 1820 1379 1857 ex
1398 1808 1512 1875 ipsa
1533 1807 1795 1874 Scriptura
1814 1804 2169 1874 ostendimus)

281 1882 562 1947 exlegibus
580 1889 790 1935 naturae
809 1883 1028 1950 eiusque
1047 1884 1225 1934 ordine
1241 1922 1257 1945 ,
1280 1891 1330 1935 et
1350 1883 1489 1950 quod
1511 1884 1736 1949 denique
1755 1882 1999 1934 miracula
2017 1884 2171 1935 etiam

278 1973 309 2010 a
345 1957 707 2011 seductoribus
745 1958 853 2011 fleri
889 1961 1120 2027 possint,
1159 1967 1216 2012 ut
1243 1962 1563 2013 convincitur
1592 1976 1652 2013 ex
1680 1974 1795 2027 cap.
1821 1958 1905 2013 13.
1932 1960 2089 2013 Dent.
2120 1968 2174 2012 et

281 2050 396 2102 cap.
417 2038 507 2091 24.
527 2048 663 2089 vers.
684 2038 772 2091 24.
793 2038 1062 2091 Matthaei.
1134 2038 1222 2090 70.
1261 2039 1339 2090 Ex
1368 2038 1564 2105 quibus
1598 2049 1753 2104 porro
1792 2036 2173 2089 evidentissime

280 2114 537 2179 sequitur,
575 2115 826 2166 miracula
845 2128 927 2167 res
945 2116 1207 2167 naturales
1228 2114 1395 2167 {uisse
1408 2154 1423 2181 ,
1458 2123 1614 2181 atque
1635 2115 1765 2167 adeo
1786 2114 1964 2166 eadem
1985 2114 2055 2165 ita
2075 2128 2169 2165 ex-

281 2190 518 2257 plicanda
532 2230 546 2255 ,
586 2200 644 2243 ut
659 2180 834 2259 'neque
853 2206 984 2244 nova
1005 2192 1090 2260 (ut
1109 2192 1404 2245 Salomonis
1423 2192 1579 2244 verbo
1599 2192 1743 2261 utar)
1761 2205 1931 2258 neque
1958 2198 2170 2243 naturae

280 2269 617 2335 repugnantia
637 2269 923 2333 videantur,
965 2269 1089 2329 sed,
1131 2270 1178 2321 si
1197 2268 1305 2321 fieri
1328 2270 1524 2335 potuit,
1563 2269 1631 2321 ad
1661 2284 1745 2321 res
1774 2268 2031 2321 naturales
2059 2281 2172 2319 ma-

280 2346 415 2395 xime
463 2346 785 2409 accedentia,
845 2345 985 2413 qnod
1027 2352 1091 2397 ut
1135 2346 1338 2399 facilius
1374 2346 1441 2398 ab
1479 2360 1796 2414 unoquoque
1832 2346 2000 2411 possit
2036 2344 2167 2409 fieri,

282 2420 534 2486 quasdam
563 2422 766 2488 regulas
794 2436 855 2475 ex
875 2423 984 2475 sola
1005 2424 1267 2491 Scriptura
1287 2424 1472 2491 petitas
1490 2424 1697 2476 tradidi.
1771 2423 1859 2474 71.
1899 2422 2165 2485 Attamen,

281 2500 518 2565 quamvis
557 2498 751 2563 dicam,
792 2501 1107 2568 scripturam
1147 2501 1274 2553 haec
1314 2500 1527 2561 docere,
1567 2515 1669 2552 non
1710 2506 1881 2551 tamen
1919 2498 2169 2565 intelligo,

280 2575 406 2628 haec
434 2575 499 2629 ab
529 2575 711 2629 eadem
746 2578 915 2629 doceri
934 2584 1180 2644 tanquam
1203 2578 1510 2630 documenta
1533 2578 1596 2629 ad
1617 2576 1835 2628 salutem
1858 2578 2171 2637 necessaria,

281 2653 374 2705 sed
405 2659 605 2706 tanturn
635 2653 772 2720 quod
805 2655 1080 2721 prophetae
1109 2656 1233 2707 baec
1261 2655 1472 2717 eadem,
1510 2656 1583 2706 uti
1613 2666 1735 2719 nos,
1776 2654 1993 2720 amplexi
2026 2662 2172 2707 sunt.

282 2731 454 2793 Quare
473 2732 538 2783 de
558 2731 640 2783 bis
658 2732 940 2798 uuicuique
953 2773 966 2794 ,
1004 2738 1159 2799 prout
1177 2731 1279 2785 sibi
1300 2732 1484 2785 melius
1504 2746 1620 2783 esse
1638 2731 1827 2784 sentiet
1843 2732 1907 2783 ad
1928 2732 2023 2783 Dei
2057 2733 2175 2783 cul-

281 2816 393 2858 tum
421 2817 470 2861 et
498 2809 798 2875 religionem
827 2810 1028 2875 integro
1063 2810 1236 2862 animo
1263 2808 1683 2877 suscipiendum,
1726 2808 1947 2862 liberum
1968 2816 2048 2860 est
2066 2810 2174 2860 exi-

282 2884 511 2936 stimare.
585 2887 670 2940 72.
709 2886 863 2949 Quod
893 2887 1046 2937 etiam
1072 2886 1329 2954 Iosephus
1358 2889 1545 2949 sentin
1578 2887 1655 2938 sie
1692 2888 1831 2939 enim
1866 2888 1920 2938 in
1957 2884 2173 2936 conclu-

283 2960 430 3010 sione
473 2959 594 3012 libr.
628 2964 700 3014 11.
746 2963 1006 3030 Antiquit.
1049 2962 1228 3015 scribit
1255 2984 1269 3016 ε
1323 2964 1519 3018 Nullus
1552 2978 1677 3016 vero
1710 2962 1981 3017 discredat
2011 2962 2169 3012 verbo

281 3037 532 3087 miraculi
547 3075 562 3099 ,
598 3042 649 3088 εἰ
685 3044 920 3107 antiquis
953 3042 1251 3093 hominibus
1287 3048 1343 3094 et
1375 3043 1587 3094 malitia
1606 3044 1839 3109 privatis
1865 3043 1953 3091 via
1979 3038 2170 3089 salutis

286 3109 454 3176 liquet
484 3128 582 3178 por
612 3129 759 3166 mare
780 3119 950 3183 saeta
983 3120 1094 3169 sive
1131 3119 1402 3172 voluntate
1429 3121 1536 3173 Dei
1560 3123 1671 3171 aive
1696 3124 1877 3187 sponte
1910 3115 2166 3179 revelata,

285 3184 409 3236 dum
435 3192 489 3237 et
513 3192 590 3239 oia
614 3194 709 3255 qui
732 3208 852 3245 eam
868 3194 1178 3249 Alexandro
1205 3212 1337 3263 rege
1354 3195 1698 3250 Macedoniae
1711 3196 1937 3262 suerint
1960 3193 2088 3245 olim
2117 3198 2172 3245 et
