2548 3485
1068 144 1207 191 cAP.
1250 143 1388 191 xlv.
2053 144 2078 199 1
2090 142 2130 201 9
2139 144 2168 201 1

289 326 521 393 pleniore
548 324 709 377 animi
740 336 999 375 consensu
1020 320 1231 378 obedire
1246 336 1426 391 posse.
1499 324 1550 375 4.
1592 322 1694 377 Sed
1713 321 1832 377 ideo
1850 323 2062 377 eosdem
2083 338 2175 376 ac-

290 416 558 463 cusamus,
580 401 721 468 quod
739 400 869 453 banc
889 400 1107 453 eandem
1125 399 1412 453 libertatem
1433 398 1649 469 reliquis
1669 400 1854 453 nolunt
1871 402 2172 465 concedere,

292 480 387 533 sed
414 492 626 541 omnes,
668 479 757 545 qui
786 493 905 531 cum
932 478 1119 533 iisdem
1149 491 1255 535 non
1277 477 1534 543 sentiunt,
1575 491 1892 545 quamquam
1913 477 2175 531 honestis-

290 557 411 610 simi
446 562 497 609 et
533 570 678 607 verae
714 556 887 610 virtuti
922 555 1336 625 obtemperantes
1373 555 1504 616 sint,
1561 562 1826 621 tamquam
1860 556 1960 609 Dei
1997 555 2174 609 hostes

288 642 459 689 tamen
476 640 888 701 persequuntur,
931 639 982 683 et
1000 639 1175 685 contra
1195 646 1286 685 eos
1300 670 1315 694 ,
1355 632 1447 699 qui
1465 632 1529 683 iis
1549 639 1894 695 assentantur,
1933 634 2174 701 quamvis

288 711 711 779 impotentissimi
738 709 897 763 animi
926 710 1057 772 sint,
1096 716 1269 761 tamen
1299 716 1564 776 tamquam
1582 710 1682 761 Dei
1711 710 1900 762 electos
1922 710 2168 777 diligunt;

290 804 395 857 quo
412 787 537 840 nibil
558 787 787 855 profecto
808 785 1080 839 scelestius
1100 794 1150 839 et
1170 785 1483 851 reipublicae
1514 788 1679 853 magis
1707 788 2058 853 perniciosum
2086 802 2174 839 ex-

288 867 495 933 cogitari
516 872 703 932 potest.
762 866 815 916 5.
836 865 906 915 Ut
924 864 1082 929 igitur
1103 870 1322 925 constet,
1344 878 1620 930 quousque
1639 865 1834 917 ratione
1855 864 1974 918 fidei
1993 866 2175 917 unius-

288 944 543 1009 cuiusque
571 941 787 995 libertas
812 940 1070 995 sentiendi
1100 955 1234 1009 quae
1263 940 1402 1002 vult,
1440 956 1496 992 se
1527 940 1776 1001 extendit.
1817 948 1868 993 et
1896 956 2170 1009 quosnam,

289 1020 523 1088 quamvis
569 1020 770 1073 diversa
807 1020 1119 1081 sentientes,
1176 1025 1442 1084 tamquam
1479 1016 1660 1070 fideles
1701 1026 1872 1071 tamen
1907 1019 2174 1087 adspicere

288 1105 551 1159 tenemur,
610 1096 781 1149 fides
827 1097 1092 1162 eiusque
1129 1094 1645 1150 fundamentalia
1681 1095 2174 1149 determinanda

287 1189 405 1229 sun
422 1182 471 1237 t;
510 1174 653 1242 quod
682 1174 897 1238 quidem
926 1174 979 1224 in
1011 1172 1105 1223 boc
1133 1172 1300 1242 capite
1327 1172 1494 1225 facere
1533 1173 1809 1234 constitui,
1849 1173 2173 1239 simulque

287 1251 483 1305 fidem
518 1265 550 1303 a
583 1249 993 1317 philosophia
1030 1263 1356 1317 separare,
1397 1246 1537 1315 quod
1575 1249 1733 1300 totius
1769 1251 1942 1317 operis
1972 1251 2174 1320 praeci—

286 1343 451 1394 puum
471 1330 725 1381 intentum
747 1326 869 1379 fuit.
940 1328 1009 1379 Ut
1037 1327 1163 1379 haec
1190 1328 1345 1393 igitur
1364 1326 1542 1391 ordine
1563 1326 1862 1390 ostendam,
1903 1341 2170 1381 summum

287 1407 450 1458 totius
470 1406 764 1470 scripturae
781 1404 1041 1459 intentum
1067 1411 1387 1471 repetamus;
1429 1404 1482 1455 id
1504 1404 1642 1456 enim
1663 1402 1818 1455 nobis
1839 1418 2014 1458 veram
2043 1418 2170 1456 nor·-

287 1498 424 1535 mam
446 1480 566 1535 fidei
588 1483 1009 1535 determinandae
1027 1479 1300 1533 indicabit.
1385 1483 1437 1535 u.
1472 1482 1712 1533 Diximus
1731 1482 1786 1533 in
1805 1482 2062 1549 superiori
2083 1495 2173 1533 ca-

283 1560 491 1628 pite*),
548 1560 807 1612 intentum
847 1560 1141 1627 Scripturae
1177 1572 1295 1609 esse
1333 1565 1530 1611 tantum
1567 1556 1915 1611 obedientiam
1956 1558 2166 1621 docer03

284 1637 425 1704 quod
464 1637 677 1703 quidem
716 1650 867 1687 nemo
906 1634 1109 1687 inficias
1145 1636 1220 1688 ire
1256 1641 1448 1701 potest.
1523 1636 1654 1699 Quis
1691 1638 1830 1687 enim
1868 1650 1974 1689 non
2012 1636 2168 1699 videt,

284 1721 567 1782 utrumque
605 1719 976 1767 testamentum
1012 1712 1141 1764 nibil
1174 1726 1291 1765 esse
1328 1721 1530 1780 praeter
1565 1712 1892 1769 obedientiae
1929 1714 2171 1781 discipli-

286 1807 435 1854 nam;
478 1805 575 1844 nec
603 1788 749 1843 aliud
778 1797 1057 1856 utrumque
1086 1790 1383 1852 intendere,
1424 1805 1583 1856 quam
1613 1798 1674 1843 ut
1701 1792 1937 1845 homines
1965 1807 2024 1846 ex
2050 1808 2172 1844 vero

284 1871 457 1922 animo
476 1862 869 1934 obtemperent?
939 1866 991 1918 7.
1029 1868 1180 1930 Nam,
1202 1869 1380 1920 utiam
1401 1870 1656 1933 omittam,
1683 1882 1815 1936 quae
1837 1872 1892 1922 in
1911 1872 2172 1940 superiori

286 1948 453 2013 capite
479 1943 711 2006 ostendi,
748 1946 925 1998 Moses
957 1959 1062 1996 non
1091 1944 1294 1996 studuit
1318 1944 1580 1996 Israelitas
1609 1949 1808 1998 ratione
1837 1949 2168 2010 convincere,

274 2023 378 2078 scd
423 2031 569 2090 pacto
592 2062 605 2085 ,
662 2022 966 2074 iuramentis
1014 2028 1065 2072 et
1105 2019 1374 2074 beneficiis
1421 2021 1686 2089 obligar03
1743 2023 1931 2077 deinde
1976 2025 2170 2092 populo

284 2100 487 2167 tegibus
534 2099 893 2167 obtemperare
938 2097 1041 2150 sub
1089 2112 1257 2166 poena
1301 2096 1663 2152 interminatus
1707 2107 1788 2152 est
1831 2108 1883 2152 et
1926 2103 2172 2168 praemiis

166 2226 173 2234 .
286 2178 509 2232 eundem
528 2176 593 2231 ad
615 2175 668 2228 id
686 2176 944 2236 bortatur-3
988 2190 1123 2242 quac
1141 2176 1314 2228 omnia
1341 2176 1512 2229 media
1542 2190 1646 2228 non
1671 2177 1737 2228 ad
1763 2179 2034 2240 scientias,
2075 2179 2170 2232 sed

286 2259 353 2310 ad
382 2259 549 2310 solam
578 2253 929 2310 obedientiam
956 2259 1101 2305 sunt.
1174 2254 1225 2304 8.
1263 2252 1569 2318 Evangelica
1597 2261 1772 2308 autem
1789 2253 2020 2311 doctrina
2041 2256 2170 2309 nibil

287 2342 486 2402 praeter
512 2331 803 2399 simplicem
840 2328 997 2382 fidem
1034 2330 1287 2390 continet;
1329 2343 1516 2397 nempe
1551 2331 1664 2383 Deo
1699 2331 1906 2386 credere
1944 2346 2170 2400 eumque

288 2412 530 2472 revereri,
569 2411 705 2471 sive,
744 2407 882 2474 quod
923 2407 1064 2461 idem
1101 2413 1208 2469 est,
1242 2408 1356 2458 Deo
1394 2406 1624 2460 obedire.
1695 2410 1811 2468 Non
1845 2424 1978 2476 opus
2015 2411 2172 2478 igitur

287 2488 475 2550 babeo,
517 2487 581 2539 ad
613 2500 722 2539 rem
754 2484 1234 2538 manifestissimam
1260 2483 1721 2541 demonstrandam
1749 2492 1918 2538 textus
1935 2487 2172 2556 Scriptu-

288 2580 400 2628 rae,
440 2565 533 2632 qui
550 2563 899 2622 obedientiam
927 2561 1296 2613 commendant
1315 2568 1365 2613 et
1393 2576 1616 2627 quorum
1643 2564 1910 2632 perplures
1942 2567 1996 2618 in
2023 2574 2170 2620 utro·-

286 2659 389 2710 que
428 2647 733 2694 testamento
771 2638 1128 2707 reperiuntur,
1168 2652 1484 2692 coacervare.
1575 2640 1626 2692 9.
1680 2642 1883 2696 Deinde
1917 2642 2168 2708 quidnam

286 2719 655 2786 unusquisque
690 2717 902 2785 exsequi
939 2713 1149 2782 debeat,
1212 2723 1269 2767 ut
1301 2717 1412 2768 Deo
1449 2717 1793 2786 obsequatur,
1851 2720 1964 2790 ipsa
2011 2720 2168 2772 etiam

286 2798 549 2864 Scriptura
577 2795 817 2862 plurimis
843 2795 896 2846 in
927 2793 1052 2845 locis
1080 2807 1239 2860 quam
1266 2792 1554 2848 clarissime
1582 2795 1760 2859 docet,
1801 2809 1988 2861 nempe
2007 2799 2166 2851 totam

284 2876 451 2942 legem
483 2875 537 2927 in
566 2871 663 2926 hoc
692 2872 807 2924 solo
833 2873 1144 2934 consistere,
1182 2871 1238 2922 in
1265 2885 1440 2924 amore
1469 2873 1669 2929 scilicet
1703 2886 1822 2938 erga
1856 2871 2164 2938 proximum.

286 2953 458 3017 Quare
486 2964 643 3005 nemo
668 2949 825 3002 etiam
854 2963 1040 3016 negare
1067 2954 1264 3015 potest,
1303 2948 1444 3016 quod
1471 2950 1547 3013 is,
1585 2949 1676 3018 qui
1703 2962 1762 3000 ex
1787 2948 1888 3001 Dei
1923 2949 2166 3004 mandato

388 3121 433 3172 ·)
466 3120 567 3174 vid.
588 3130 690 3174 cap.
712 3119 777 3170 13.
800 3120 842 3172 ς.
861 3119 901 3162 7.
922 3130 994 3177 sq.
