2548 3485
1221 2 1224 4 ’
1241 0 1339 33 'ff‘

1092 134 1231 185 car.
1280 135 1390 185 xv.
2057 124 2178 193 1⁹9

302 316 578 385 supponit,
619 330 725 368 nou
752 320 924 369 autem
962 315 1129 383 ipsius
1166 315 1414 370 orationis
1449 316 1704 367 intentum
1739 312 1963 379 indicat,
2003 316 2180 382 plures

302 410 419 447 esse
458 393 615 455 deos;
660 400 713 445 et
738 392 855 444 ideo
892 394 1005 458 ipsa
1036 393 1211 445 omnia
1246 392 1592 459 metaphorice
1629 393 1953 460 explicanda,
1993 394 2185 445 scilicet

304 486 408 522 non
435 472 569 537 quia
615 471 799 522 rationi
846 477 1123 537 repugnat,
1180 470 1360 537 plures
1407 470 1544 533 dari,
1601 470 1693 521 sed
1733 472 1856 536 quia
1891 472 2004 537 ipsa
2043 470 2184 521 Seri-

304 558 454 615 ptura
491 547 681 599 directe
716 546 960 610 affirmat,
1002 548 1211 599 unicum
1251 562 1368 599 esse
1403 549 1592 599 Deum.
1667 548 1719 599 7.
1757 549 1842 599 Sic
1868 548 2026 599 etiam
2065 547 2183 612 quia
2214 608 2225 618 ·

304 626 567 691 Scriptura
589 618 746 677 Deut.
768 638 881 691 cap.
904 627 959 677 4.
978 640 1113 679 vers.
1138 626 1221 677 15.
1243 624 1432 676 directe
1454 624 1540 691 (ut
1559 624 1728 692 putat)
1747 624 1964 677 affirmat
1979 663 1994 687 ,
2016 626 2182 675 Deum

304 714 419 753 esse
439 702 794 769 incorporeum
812 719 825 764 ;
866 700 983 759 ideo
998 740 1012 763 ,
1035 717 1094 755 ex
1112 702 1221 753 sola
1240 700 1442 755 scilicet
1457 701 1615 753 huius
1635 700 1754 765 loci,
1775 709 1827 753 et
1846 716 1949 753 non
1970 701 2184 752 rationis

303 778 601 829 auctoritate
615 817 629 841 ‚
669 784 906 831 tenemur
924 776 1129 831 credere
1146 779 1318 829 Deum
1338 794 1440 829 non
1467 777 1652 829 habere
1669 792 1864 845 corpus
1877 818 1892 840 ‚
1931 785 1980 829 et
1999 792 2184 829 conse-

304 862 522 921 quenter
550 869 609 905 ex
637 854 746 906 sola
766 858 1057 922 scripturae
1087 857 1386 907 auctoritate
1406 856 1579 907 omnia
1598 855 1712 907 loca
1732 855 2074 921 metaphorice
2093 869 2184 905 ex-

303 932 489 999 plicare
514 940 779 997 tenemur,
812 947 946 999 quae
964 934 1073 985 Deo
1094 947 1312 997 manuS,
1343 932 1504 1001 pedes
1521 940 1619 984 etc.
1643 932 1898 995 tribuunt,
1933 946 2186 999 quorum-

304 1023 405 1073 que
433 1007 577 1061 solus
614 1011 804 1085 modps
833 1010 1079 1077 loquendi
1107 1011 1310 1064 videtur
1335 1012 1502 1061 Deum
1534 1024 1834 1077 corporeum
1871 1022 2183 1074 supponere..

306 1086 359 1137 8.
400 1088 542 1137 Haec
570 1093 649 1138 est
674 1086 833 1139 huius
860 1088 1082 1139 auctoris
1110 1088 1394 1149 sententia,
1433 1102 1588 1153 quem
1609 1094 1866 1152 quatenus
1883 1084 2188 1151 Ser-ipmrar

301 1180 401 1230 per
416 1160 722 1230 Scripturas
742 1165 1013 1231 explicare
1043 1164 1176 1226 vult,
1218 1164 1400 1223 laudm
1437 1172 1490 1215 at
1519 1166 1702 1226 miror,
1739 1162 1882 1230 quod
1900 1164 1975 1215 vir
1993 1163 2188 1213 ratione

306 1239 573 1305 praeditus
591 1242 755 1309 ipsam
780 1241 1041 1295 destruere
1063 1241 1288 1292 studeat.
1363 1244 1589 1293 Verum
1619 1240 1874 1307 quidem
1903 1245 2004 1291 est
2029 1238 2190 1289 Scri-

304 1323 554 1383 pturam
604 1333 712 1383 per
749 1318 1147 1385 Scripturam
1193 1318 1634 1384 explicandam
1679 1331 1850 1381 esse,
1903 1330 2058 1381 quam
2097 1314 2187 1365 diu

308 1392 371 1443 de
400 1393 511 1445 solo
542 1395 831 1449 orationum
860 1409 1021 1448 sensu
1056 1402 1109 1447 et
1136 1403 1307 1451 mente
1338 1394 1700 1461 prophetarum
1731 1393 2055 1447 laboramus:
2095 1390 2186 1443 sed
2216 1452 2225 1461 ⁸

309 1476 644 1536 postquam
677 1486 887 1522 verum
917 1486 1176 1524 sensum
1204 1472 1518 1533 eruimus,
1552 1472 1918 1523 necessario
1947 1468 2192 1519 iudicio

307 1553 365 1599 et
409 1549 661 1601 ratione
706 1548 1048 1611 utendum,
1096 1557 1167 1599 ut
1203 1550 1332 1615 ipsi
1369 1562 1706 1600 assensum
1744 1546 2188 1617 praebeamus.

306 1623 357 1675 9.
398 1624 553 1686 Quod
571 1627 617 1677 si
640 1626 793 1689 ratio,
825 1627 1062 1691 quamvis
1082 1626 1326 1677 reclamat
1345 1627 1664 1692 scripturae,
1688 1633 1858 1677 tamen
1882 1624 2034 1690 plane
2049 1621 2188 1675 sub—

306 1701 555 1755 mittenda
587 1710 694 1766 est,
736 1718 959 1770 quaeso,
998 1717 1065 1755 an
1095 1702 1149 1756 id
1177 1718 1295 1757 cum
1327 1704 1402 1759 vel
1435 1706 1548 1756 sine
1577 1702 1770 1755 ratione
1793 1702 2002 1754 utcaeci
2023 1699 2190 1750 facere

308 1777 597 1830 debemus?
666 1781 725 1832 Si
750 1779 879 1843 hoc,
921 1781 1077 1832 stulte
1096 1795 1221 1831 sane
1250 1789 1300 1832 et
1329 1783 1442 1832 sine
1470 1781 1661 1833 iudicio
1691 1782 1922 1848 agimus;
1963 1778 2009 1829 si
2037 1776 2184 1842 illud,

308 1867 368 1904 ex
386 1853 495 1906 solo
516 1856 671 1921 igitur
689 1858 899 1909 rationis
920 1857 1136 1924 imperio
1156 1859 1473 1924 scripturam
1495 1859 1852 1923 amplectimur
1866 1895 1878 1916 ‚
1914 1870 2070 1920 quam
2089 1855 2190 1920 igi-

309 1936 418 1992 tur,
458 1932 505 1984 si
537 1934 703 1985 eidem
738 1942 1073 2001 repugnaret,
1114 1949 1215 1986 non
1252 1937 1696 2002 amplecteremur.
1773 1937 1856 1986 10.
1895 1933 1961 1984 Et
1997 1946 2191 1998 quaeso

309 2007 428 2073 quis
448 2018 618 2061 mente
638 2010 831 2076 aliquid
850 2011 1091 2079 amplecti
1111 2019 1282 2077 potest
1303 2012 1608 2063 reclamante
1629 2006 1862 2062 ratione?
1889 2009 2026 2070 Quid
2047 2011 2186 2060 enim

307 2083 451 2136 aliud
482 2093 561 2137 est
590 2096 761 2138 mente
789 2087 987 2154 aliquid
1016 2103 1224 2154 negare,
1266 2102 1423 2154 quam
1452 2089 1590 2154 quod
1620 2088 1748 2138 ratio
1778 2084 2055 2138 reclamat?
2120 2087 2190 2137 ‚Et

305 2161 539 2228 profecto
570 2179 672 2216 non
704 2167 831 2216 satis
850 2166 1026 2217 mirari
1047 2179 1292 2232 possum,
1331 2166 1470 2230 quod
1495 2167 1773 2225 rationem,
1813 2163 2008 2214 donum
2030 2164 2190 2215 maxi-

308 2253 452 2290 mum
482 2247 533 2292 et
562 2241 727 2294 lucem
756 2241 1007 2305 divinam,
1052 2243 1269 2294 mortuis
1302 2242 1462 2294 literis
1489 2250 1541 2293 et
1567 2255 1700 2308 quae
1736 2240 1958 2290 humana
1997 2239 2190 2294 malitia

311 2314 571 2384 depravari
595 2326 877 2386 potuerunt
892 2357 906 2380 ,
936 2319 1241 2373 submittere
1259 2321 1441 2383 velint,
1475 2326 1525 2371 et
1543 2318 1682 2384 quod
1704 2317 1906 2369 nullum
1927 2317 2191 2368 existime—

308 2399 393 2442 tur
412 2395 613 2456 scema,
637 2403 813 2448 contra
834 2403 1089 2459 mentem,
1112 2411 1288 2448 verum
1309 2398 1404 2448 Dei
1423 2397 1560 2448 verbi
1583 2394 1928 2462 syngraphum
1945 2432 1960 2456 ‚
1984 2395 2192 2460 indigne

310 2469 481 2534 loqui,
522 2487 740 2538 eamque
773 2481 1092 2539 corruptam,
1134 2489 1339 2527 caecam
1368 2481 1418 2525 et
1443 2473 1692 2540 perditam
1717 2479 1965 2534 statuere3
2005 2479 2056 2522 at
2077 2474 2194 2523 ma·—

311 2546 507 2598 ximum
536 2547 788 2603 habeatur
814 2551 1017 2612 scelus,
1056 2551 1154 2603 alia
1184 2550 1247 2602 de
1278 2552 1422 2602 litera
1451 2558 1501 2602 et
1519 2547 1656 2601 verbi
1674 2549 1769 2600 Dei
1792 2547 1929 2600 idolo
1949 2551 2190 2615 cogitare.

316 2623 401 2675 11.
440 2625 590 2676 Pium
620 2641 736 2678 esse
766 2635 976 2692 putant,
1014 2629 1199 2680 rationi
1229 2636 1279 2679 et
1309 2629 1514 2694 proprio
1543 2626 1732 2678 iudicio
1762 2626 1885 2678 nihil
1917 2625 2099 2684 fidere:
2141 2632 2196 2677 at

312 2699 533 2765 impium
567 2702 629 2753 de
656 2703 758 2755 fide
791 2719 969 2756 eorum
1000 2705 1258 2767 dubitare,
1298 2705 1390 2770 qui
1419 2703 1568 2755 nobis
1595 2702 1754 2756 libros
1773 2717 1948 2754 sacros
1971 2701 2195 2753 tradide-

314 2784 461 2836 runt;
522 2779 662 2843 quod
700 2781 842 2833 idem
881 2796 1019 2834 mera
1056 2774 1271 2833 stultitia
1309 2789 1416 2843 est,
1455 2795 1558 2832 non
1601 2781 1784 2848 pietas.
1857 2779 1958 2831 Sed
2001 2793 2194 2844 quaeso

313 2853 441 2919 quid
460 2869 549 2906 eos
572 2856 856 2910 sollicitat?
909 2858 1047 2920 Quid
1071 2854 1292 2912 timent?
1347 2859 1428 2910 An
1447 2858 1623 2923 religio
1644 2865 1695 2908 et
1711 2857 1840 2908 fides
1862 2854 2067 2907 defendi
2089 2869 2192 2912 nou

312 2940 556 2996 possunt,
572 2935 675 2986 nisi
694 2934 933 2988 homines
951 2935 1067 2986 data
1088 2950 1245 3002 opera
1266 2936 1438 2996 omnia
1457 2935 1694 2999 ignorent
1711 2941 1762 2983 et
1781 2934 1960 2983 rationi
1979 2947 2194 3000 prorsus

311 3009 636 3062 valedicunt?
703 3011 973 3074 Profecto,
1013 3014 1059 3064 si
1086 3013 1183 3066 hoc
1212 3013 1456 3073 credunt,
1499 3011 1791 3075 scripturae
1819 3011 1984 3074 magis
2014 3011 2196 3061 timent

316 3100 473 3154 quam
494 3085 678 3141 fidunt.
738 3088 822 3146 12.
846 3090 947 3143 Sed
967 3088 1121 3158 longe
1135 3089 1294 3156 absit,
1309 3084 1451 3162 quod
1469 3087 1645 3152 religio
1664 3093 1715 3138 et
1733 3085 1897 3152 pietas
1917 3087 2190 3152 rationem,
