2548 3485
1089 174 1228 220 οη.
1280 175 1367 221 nr.
1658 161 1663 167 '
2096 173 2177 233 73

297 356 514 409 felicitas
541 361 592 408 et
619 355 960 423 tranquillitas
990 354 1131 416 eiua,
1172 356 1262 419 qui
1294 353 1578 406 naturalem
1600 355 1917 408 intellectum
1936 355 2084 418 colit,
2124 370 2184 408 cx

296 439 470 486 mente
499 431 790 487 salomouis
827 432 1008 494 etiam,
1048 447 1152 482 non
1189 431 1253 483 ab
1294 433 1509 498 imperio
1545 431 1781 485 fortunae
1816 432 1946 498 (hoc
1981 439 2061 484 est
2086 433 2181 484 Dei

297 510 486 563 auxilio
504 509 754 578 externo),
781 509 873 560 sed
893 524 922 560 a
940 522 1035 560 sua
1053 509 1254 562 interna
1276 509 1459 560 virtute
1480 508 1613 576 (sive
1632 511 1727 562 Dei
1748 510 1934 561 anxilio
1954 509 2183 576 interno)

297 588 518 640 maxime
538 585 744 654 pendet,
769 600 971 651 nempe,
995 587 1116 651 quia
1134 584 1402 652 vigilando,
1426 588 1623 652 agendo
1642 594 1693 638 et
1712 587 1841 639 bene
1862 587 2181 638 consulendo

299 679 358 716 se
389 664 607 715 maxime
634 669 920 715 conservat.
990 661 1079 714 47.
1116 664 1353 729 Denique
1386 677 1713 730 nequaquam
1740 663 1825 714 hic
1854 669 2185 731 praetereun-

299 740 400 793 dus
427 747 508 793 est
534 741 680 792 loeus
698 740 874 801 Pauli,
910 741 1004 805 qui
1032 739 1250 791 hahetur
1269 753 1383 806 cap.
1408 742 1457 791 1.
1480 754 1612 793 vers·
1634 741 1722 796 20.
1744 741 1898 808 epist.
1920 740 1987 792 ad
2004 743 2180 800 Rom„

299 819 394 870 ubi
421 817 508 885 (ut
525 817 833 869 Tremellius
851 818 997 868 vertit
1011 832 1072 870 ex
1093 819 1305 883 Syriaco
1332 818 1501 886 textu)
1528 819 1613 869 sic·
1631 819 1726 870 ait:
1802 818 2021 870 Ocmdta
2047 819 2185 868 enim

299 895 406 948 Dei
433 895 856 962 afimdamentelr
881 895 1066 945 mnndi
1089 897 1147 944 in
1172 899 1435 946 creatvm‘e
1458 898 1571 946 mis
1590 911 1695 962 per·
1719 895 2041 946 intellectum
2058 909 2185 945 con-

300 975 617 1042 spiciuntur,
649 977 707 1024 et
722 975 892 1023 virtus
907 977 963 1022 et
979 972 1232 1022 divinitas
1249 974 1380 1038 eim,
1410 989 1547 1040 quae
1565 979 1644 1024 est
1659 976 1716 1023 in
1732 978 2022 1037 admunt,
2053 972 2184 1022 adeo

299 1055 364 1102 ut
387 1052 497 1101 sint
518 1052 632 1101 sine
657 1049 860 1116 effigio
872 1048 950 1116 ⁴³).
1039 1049 1127 1101 48.
1177 1047 1383 1112 Quibus
1412 1051 1537 1101 satis
1568 1051 1702 1103 clarc
1726 1049 1939 1111 indicat,
1983 1063 2184 1100 nnum-

303 1141 566 1194 quemque
583 1127 781 1178 lumine
799 1126 1018 1178 naturali
1037 1126 1170 1177 clarc
1191 1127 1472 1193 intelligere
1489 1127 1585 1178 Dei
1604 1128 1840 1178 virtutem
1861 1133 1912 1177 et
1927 1133 2187 1178 aeternam

303 1204 647 1265 divinitatem,
691 1218 751 1254 ex
782 1218 884 1269 qua
913 1204 1044 1256 scire
1064 1211 1116 1254 et
1133 1202 1391 1262 deducere
1410 1211 1659 1269 possunt,
1700 1204 1822 1269 quid
1845 1205 1911 1254 iis
1932 1217 2187 1270 quaeren-

303 1283 433 1333 dum
453 1281 640 1346 quidve
661 1279 962 1346 fugiendum
979 1280 1077 1340 sit;
1111 1280 1345 1346 adeoque
1364 1281 1639 1341 concludit,
1664 1295 1847 1332 omnes
1868 1284 1979 1332 sine
1998 1281 2185 1348 effugio

303 1373 448 1421 esse,
487 1371 582 1408 nec
601 1357 884 1422 ignorantia
904 1359 1132 1408 excusari
1151 1371 1338 1423 posse,
1368 1357 1508 1423 quod
1526 1357 1753 1424 profecto
1773 1366 2017 1424 possent,
2058 1360 2104 1410 si
2122 1359 2187 1410 de

305 1435 502 1488 lumine
528 1433 902 1500 supranaturali
927 1433 1224 1501 loqueretur
1251 1440 1305 1486 et
1329 1434 1395 1486 de
1422 1435 1613 1487 carnali
1643 1435 1830 1486 Christi
1866 1437 2109 1503 passione
2138 1443 2189 1486 et

305 1513 676 1565 resurrectione
707 1518 805 1562 etc.
877 1511 964 1562 49.
1001 1509 1070 1561 Et
1103 1511 1220 1563 ideo
1256 1511 1413 1578 paulo
1448 1512 1579 1564 infra
1614 1527 1747 1564 vera.
1768 1515 1853 1567 24.
1884 1513 1957 1564 sic
1994 1514 2183 1579 pergit:

304 1592 532 1656 Propter
557 1590 656 1640 Ιιοο
685 1588 912 1640 tradidit
937 1604 1026 1639 eos
1042 1587 1195 1639 Deus-
1213 1592 1269 1639 in
1286 1593 1740 1657 concupiscentias
1754 1589 2049 1642 immundas
2065 1606 2187 1640 cor-

305 1667 386 1718 dis
415 1680 596 1721 eorum
623 1669 725 1716 ete.
768 1679 937 1732 usque
973 1663 1038 1716 ad
1065 1663 1221 1717 finem
1247 1667 1461 1732 capitis,
1500 1666 1695 1733 quibus
1722 1669 1845 1722 vitia
1872 1666 2187 1734 ignorantiae

307 1741 582 1807 describit,
639 1756 804 1809 eaque
840 1751 1086 1808 tanquam
1120 1744 1437 1809 ignorantiae
1473 1745 1726 1812 supplicia
1763 1752 1989 1808 enarrat,
2046 1745 2187 1811 quod

305 1821 458 1888 plane
493 1822 729 1873 convenit
765 1834 884 1872 cum
914 1820 1186 1872 proverbio
1224 1822 1313 1873 illo
1342 1820 1636 1875 Salomonis
1666 1836 1781 1890 cap.
1806 1825 1891 1876 16.
1919 1837 2053 1874 vere.
2075 1824 2183 1885 22,

305 1912 447 1981 quod
485 1915 590 1965 iam
626 1912 928 1977 citavimuS,
967 1928 1182 1982 nempe,
1229 1914 1401 2007 5}ng
1436 1892 1627 2007 Ε’ἓῐζς
1666 1922 1861 1980 Ἶῡηῃη
1898 1922 1955 1967 et
1982 1916 2187 1985 suppli-

305 2011 451 2061 cium
474 2008 758 2061 stultorum
784 2012 866 2061 eet
879 2008 1130 2061 shdtitia.
1202 2008 1289 2061 50.
1304 1986 1499 2074 Quare
1518 2024 1621 2061 non
1642 2011 1861 2073 mirum,
1892 2012 2032 2077 qnod
2054 2012 2189 2063 dicat

304 2086 503 2139 Paulus
541 2084 800 2137 maleficos
837 2100 953 2138 esse
991 2086 1383 2139 inexcusabiles·
1464 2089 1595 2139 Nam
1632 2094 1785 2153 prout
1820 2090 2187 2155 unusquisque

306 2164 555 2227 seminat,
593 2164 662 2214 it‘a
691 2170 874 2224 meten
915 2178 974 2215 ex
991 2164 1140 2216 malis
1158 2165 1295 2215 mala
1316 2165 1603 2217 necessario
1624 2172 1942 2229 sequuntur,
1982 2166 2081 2217 nisi
2099 2180 2188 2218 sa-

305 2242 504 2308 pienter
531 2241 876 2309 corrigantur,
910 2248 960 2291 et
983 2256 1042 2293 cx
1068 2240 1220 2293 bonis
1248 2241 1413 2303 bona,
1446 2242 1492 2292 si
1522 2242 1681 2292 animi
1706 2244 1992 2294 constantia
2020 2245 2185 2294 comi·-

306 2326 457 2371 tetur.
531 2318 796 2385 Scriptura
823 2317 994 2383 itaque
1020 2318 1194 2370 lumen
1222 2327 1272 2370 et
1298 2320 1465 2385 legem
1484 2316 1708 2371 divinam
1728 2319 2011 2373 naturalem
2029 2319 2189 2373 abso-

304 2396 414 2447 luta
443 2394 794 2523 commizndau
835 2401 990 2461 atque
1014 2395 1128 2460 his,
1160 2410 1293 2462 quae
1318 2398 1372 2448 in
1399 2396 1497 2449 hoc
1532 2397 1697 2463 capite
1724 2411 1871 2465 agere
1897 2411 2187 2466 proposue-

307 2487 448 2537 ram,
485 2487 514 2523 ι
551 2487 612 2524 so
636 2486 702 2523 vr.

411 2650 452 2701 )
488 2645 692 2695 Graece:
744 2641 828 2695 Τὰ
854 2641 957 2714 γὰρ
985 2640 1202 2713 ἀόρατα
1233 2641 1405 2697 αὐτοῦ
1443 2642 1557 2699 ἀπὸ
1593 2646 1803 2705 niceros·
1839 2644 2041 2709 κόσμου
2076 2651 2186 2706 τοῖς

307 2717 573 2786 ποιήμασι
606 2716 866 2779 νοούμενα
900 2724 1232 2791 καθορᾶται,
1269 2719 1307 2789 ἥ
1344 2742 1401 2774 τε
1436 2720 1605 2782 ἀΐδιος
1640 2721 1808 2776 αὐτοῦ
1842 2722 2063 2786 δύναμις
2100 2726 2187 2777 καὶ

307 2794 552 2864 θειότης,
588 2816 660 2854 εις
677 2794 739 2847 τὸ
759 2786 895 2851 εἶναι
911 2795 1105 2857 αὐτοὺς
1123 2796 1583 2866 ἀναπολογήτους.
