2548 3485
378 158 460 218 80
770 164 896 210 TRA
903 163 1158 210 cTA'rUs
1195 164 1515 210 TnssoLeffl
1522 166 1598 210 CO
1612 193 1635 202 -
1645 163 1854 210 Potl‘r.

379 355 481 394 non
499 357 561 393 ex
578 345 878 397 anctoritate
893 345 1102 396 alterius
1117 383 1132 405 ,
1169 343 1266 396 sed
1292 359 1350 395 ex
1370 344 1577 411 proprio
1594 358 1691 395 suo
1708 356 1967 394 consensu
1989 341 2109 407 agit.
2183 339 2255 392 At

377 427 550 471 contra
588 423 798 484 accidit,
849 420 938 472 nbi
977 436 1113 472 unns
1151 421 1299 473 solus
1333 421 1610 488 imperinm
1648 421 1883 472 absolute
1922 425 2086 479 tenet;
2136 433 2257 469 nam

379 511 560 549 omnes
597 514 656 549 ex
692 499 800 550 sola
845 500 1140 551 anctoritate
1179 499 1337 550 unius
1372 499 1609 551 mandata
1644 499 1845 564 imperii
1884 503 2254 562 exsequuntur,

377 573 636 640 adeoque,
678 577 781 626 nisi
809 577 880 627 ita
908 575 973 628 ab
1001 577 1149 627 initio
1177 576 1379 628 educati
1408 575 1623 638 fuerint,
1663 582 1722 626 nt
1748 575 1813 627 ab
1838 589 1927 625 ore
1955 573 2259 640 imperanti-s

375 651 651 716 pendeant,
693 652 900 704 difficile
919 654 966 704 is
985 653 1188 720 poterit,
1226 652 1317 704 nbi
1338 667 1471 719 opus
1490 654 1615 715 erit,
1654 666 1811 706 novas
1832 651 1968 717 leges
1988 652 2259 703 instituere

377 735 428 778 et
445 728 732 781 libertatem
751 729 911 782 semel
928 743 1232 782 concessam
1253 729 1447 796 populo
1466 729 1709 781 adimere.

477 807 565 861 26.
621 807 720 857 His
751 807 831 858 sie
867 807 1220 860 universaliter
1253 808 1589 861 consideratis
1628 807 1691 858 ad
1730 805 2083 857 Hebraeorum
2119 817 2259 856 rem—

377 881 636 951 publicam
671 882 1074 935 deseendamuS.
1143 885 1214 935 Hi
1252 899 1417 950 quum
1457 885 1679 950 primum
1710 883 1943 950 Aegypto
1980 883 2254 942 exiverunt,

375 959 522 1011 nullo
549 960 763 1011 alterius
791 961 1014 1012 nationis
1041 962 1152 1013 iure
1177 961 1402 1027 amplius
1429 960 1760 1025 tenebantur,
1801 961 2032 1025 adeoque
2052 959 2117 1010 iis
2134 959 2262 1010 lice-

375 1037 489 1098 bat,
531 1050 690 1088 novas
707 1038 844 1102 leges
861 1039 927 1090 ad
948 1037 1152 1089 libitum
1171 1041 1375 1090 sancire
1390 1039 1501 1088 sive
1529 1052 1659 1090 nova
1684 1040 1796 1089 iura
1830 1038 2171 1097 constituere,
2212 1039 2263 1086 et

376 1115 682 1180 imperium,
731 1115 1030 1181 ubicunque
1068 1117 1295 1167 locorum
1334 1114 1544 1179 vellent,
1602 1123 1652 1166 et
1689 1129 1821 1181 quas
1860 1121 2018 1165 terras
2054 1113 2259 1173 vellent,

377 1204 648 1256 occupare.
719 1192 808 1246 27.
846 1192 1092 1244 Attamen
1107 1193 1173 1244 ad
1191 1192 1317 1244 nibil
1336 1193 1510 1243 minus
1538 1199 1684 1244 erant
1708 1193 1841 1258 apti,
1880 1205 2037 1256 quam
2066 1191 2131 1241 ad
2151 1191 2261 1241 iura

379 1269 639 1335 sapienter
655 1269 1076 1322 constituendum
1099 1277 1150 1320 et
1167 1270 1443 1336 imperinm
1462 1283 1622 1336 penes
1641 1283 1758 1324 sese
1784 1267 2113 1332 collegialiter
2136 1268 2263 1318 reti-

377 1347 638 1405 nendum;
681 1347 827 1398 rudis
856 1346 962 1399 iere
986 1348 1178 1413 ingenii
1211 1361 1393 1398 omnes
1417 1354 1565 1399 erant
1588 1353 1642 1396 et
1666 1347 1853 1397 misera
1874 1347 2120 1398 servitute
2136 1356 2263 1396 eon-

371 1423 520 1475 ‘i'ecti.
591 1423 870 1489 Imperium
899 1425 1054 1488 igitur
1081 1437 1243 1489 penes
1269 1438 1435 1475 unum
1466 1430 1665 1475 tantum
1694 1437 1899 1474 manere
1925 1422 2131 1485 debuit,
2172 1422 2262 1487 qui

379 1501 564 1551 ceteris
583 1501 859 1566 imperaret
873 1514 1070 1567 eosque
1091 1503 1137 1553 vi
1157 1508 1358 1566 cogeret
1372 1541 1385 1564 ,
1422 1509 1475 1553 et
1493 1503 1581 1566 qni
1602 1501 1825 1566 denique
1842 1499 1981 1565 leges
2000 1493 2261 1565 praescri-

377 1577 524 1629 beret
551 1585 602 1627 et
628 1578 680 1628 in
700 1585 964 1642 posterum
995 1592 1083 1628 eas
1109 1579 1545 1643 interpretaretur.
1616 1579 1706 1633 28.
1742 1579 1855 1628 Hoc
1884 1584 2055 1628 autem
2094 1577 2264 1643 impe-

378 1655 515 1707 rium
533 1654 710 1706 Moses
733 1653 880 1704 facile
898 1654 1117 1704 retinere
1133 1657 1329 1720 potuit,
1358 1656 1477 1720 quia
1497 1654 1664 1706 divina
1687 1656 1871 1707 virtute
1888 1667 2044 1721 supra
2066 1660 2261 1704 eeteros

380 1728 658 1783 excellebat
671 1737 722 1781 et
739 1746 797 1781 se
815 1746 930 1783 eam
949 1730 1137 1783 babere
1167 1731 1359 1799 populo
1389 1727 1676 1799 persuasit,
1716 1731 1998 1798 multisque
2024 1731 2263 1784 testimo-

378 1809 482 1859 niis
501 1808 746 1859 ostendit.
801 1808 932 1859 Vide
951 1808 1113 1861 Exodi
1134 1824 1250 1876 cap.
1274 1811 1360 1861 14.
1381 1824 1515 1861 vers.
1534 1811 1719 1861 ultimo
1736 1817 1787 1861 et
1804 1824 1921 1876 cap.
1946 1810 2027 1861 19.
2053 1822 2185 1861 vers.
2208 1809 2261 1859 9.

377 1887 432 1935 Is
460 1886 638 1950 itaque
665 1886 874 1949 virtute,
913 1898 1016 1951 qua
1047 1885 1272 1951 pollebat
1296 1886 1495 1947 divina,
1536 1888 1646 1939 iura
1685 1887 1951 1939 constitnit
1983 1892 2034 1937 et
2070 1886 2263 1952 populo

378 1962 730 2028 praescripsit.
802 1960 874 2013 At
908 1963 962 2012 in
997 1964 1062 2013 iis
1097 1977 1358 2015 summam
1384 1978 1560 2015 curam
1587 1966 1773 2029 gessit,
1812 1971 1869 2015 nt
1894 1963 2119 2031 populns
2158 1976 2263 2013 non

379 2048 484 2091 tam
504 2046 644 2091 metu
662 2078 678 2099 ,
717 2053 872 2104 quam
893 2045 1078 2104 sponte
1095 2054 1253 2093 suum
1271 2040 1493 2093 officium
1516 2040 1727 2101 l'aeeret;
1768 2041 1831 2091 ad
1850 2039 1990 2105 quod
2012 2040 2137 2091 baec
2156 2038 2261 2089 duo

379 2132 502 2168 enm
530 2117 752 2167 maxime
781 2114 1060 2181 cogebant,
1103 2116 1283 2184 populi
1302 2117 1497 2169 seilicet
1515 2119 1779 2183 ingenium
1798 2124 2072 2169 contumax
2090 2114 2259 2183 (qnod

381 2193 492 2244 sola
517 2194 564 2244 vi
593 2193 707 2259 cogi
739 2207 846 2243 non
873 2194 1091 2261 patitur)
1119 2202 1172 2246 et
1199 2196 1399 2245 instans
1427 2194 1650 2260 bellum,
1676 2193 1797 2257 nbi,
1838 2201 1998 2246 utres
2018 2206 2262 2260 prospere

380 2270 590 2332 cedant,
633 2270 821 2321 milites
849 2272 1014 2336 magis
1032 2270 1222 2323 hortari
1237 2310 1252 2333 ‚
1290 2286 1444 2336 qnam
1466 2273 1649 2338 poenis
1670 2280 1721 2323 et
1739 2272 1895 2335 minis
1914 2272 2141 2323 territare
2160 2282 2263 2321 ne-

380 2362 525 2399 cesse
544 2354 652 2407 est3
687 2346 766 2398 sic
791 2348 929 2397 enim
959 2349 1322 2414 unusquisque
1350 2350 1511 2414 magis
1532 2349 1709 2401 studet
1726 2350 1908 2400 virtute
1926 2355 1977 2399 et
1994 2347 2266 2413 magnani-

382 2425 557 2475 mitate
585 2424 743 2474 animi
769 2423 984 2486 clarere,
1026 2438 1180 2489 qnam
1207 2426 1523 2493 supplicium
1554 2432 1750 2477 tantum
1780 2427 1955 2477 vitare.
2027 2424 2115 2481 29.
2152 2424 2267 2475 Hac

379 2502 534 2567 igitur
561 2500 627 2551 de
655 2507 810 2551 causa
833 2502 1010 2554 Moses
1039 2503 1220 2553 virtute
1249 2510 1303 2553 et
1328 2504 1477 2554 iussu
1508 2502 1679 2555 divino
1707 2502 2005 2567 religionem
2036 2504 2089 2553 in
2126 2516 2268 2553 rem-

381 2577 642 2646 publicam
663 2576 963 2639 introduxit,
985 2586 1044 2629 nt
1060 2579 1287 2645 populus
1308 2593 1411 2630 non
1432 2586 1535 2630 tam
1556 2594 1614 2630 ex
1634 2586 1791 2640 metu,
1819 2593 1975 2644 quam
1998 2578 2267 2631 devotione

381 2670 540 2708 snum
559 2652 782 2705 officium
804 2654 1009 2705 faceret.
1080 2655 1279 2706 Deinde
1298 2670 1388 2707 eos
1406 2654 1671 2708 beneficiis
1690 2654 1959 2723 obligavit,
1990 2664 2042 2709 et
2069 2656 2263 2708 divini-

379 2742 466 2783 tus
485 2731 646 2783 multa
665 2732 717 2781 in
742 2730 974 2783 Futurum
1003 2732 1269 2799 promisit,
1308 2746 1405 2783 nec
1431 2734 1573 2799 leges
1600 2730 1879 2784 admodum
1909 2748 2114 2785 severas·
2138 2747 2267 2783 san—

383 2810 526 2871 civit,
566 2809 706 2874 quod
734 2809 1128 2874 unnsquisque,
1169 2810 1259 2874 qni
1286 2810 1352 2861 iis
1378 2810 1608 2872 studuit,
1648 2810 1797 2863 facile
1826 2810 1979 2862 nobis
1998 2809 2263 2872 concedet,

382 2886 657 2952 praecipue
679 2887 727 2937 si
755 2886 820 2938 ad
849 2887 1291 2951 circumstantias,
1332 2900 1465 2951 qnae
1488 2886 1555 2938 ad
1585 2887 1807 2953 aliquem
1836 2902 1982 2939 reum
2010 2888 2268 2938 damnan-

383 2960 510 3011 dnm
547 2962 966 3027 requirebantur,
1003 2964 1295 3016 attenderit.
1386 2964 1471 3017 30.
1508 2965 1747 3032 Denique
1780 2972 1841 3015 nt
1876 2962 2130 3031 populus,
2170 2964 2265 3029 qui

384 3038 469 3085 sni
494 3038 620 3087 inris
639 3052 756 3091 esse
775 3055 878 3092 non
899 3046 1120 3106 poterat,
1157 3039 1224 3093 ab
1243 3054 1331 3093 ore
1360 3042 1659 3108 imperantis
1688 3042 1959 3109 penderet,
1998 3038 2129 3092 nibil
2158 3040 2265 3091 bo-

385 3110 614 3164 minibus
633 3114 833 3166 scilicet
849 3118 1076 3171 servituti
1095 3120 1319 3173 assuetis
1338 3118 1404 3171 ad
1420 3118 1625 3173 libitum
1644 3134 1791 3186 agere
1812 3119 2090 3179 concessit;
2132 3116 2265 3169 nibil
