2548 3485
363 160 445 219 50
563 167 568 176 ·
756 148 1146 207 'rnac'ra'rus
1172 157 1843 204 -THEOLomco-POLIT.

359 341 584 404 catione,
625 339 720 406 qui
741 340 882 392 hunc
910 339 975 390 ad
1004 339 1101 390 hoc
1128 351 1263 404 opus
1293 338 1368 390 vei
1396 338 1460 389 ad
1480 337 1613 389 hanc
1630 337 1830 390 vivendi
1843 338 2099 390 rationem
2118 351 2239 405 prae

358 417 480 468 aliis
509 417 678 484 elegit.
717 437 722 442 ·
754 407 840 472 11.
876 417 1114 484 Denique
1151 429 1243 482 per
1279 415 1601 466 fortunam
1638 415 1767 469 nihil
1803 413 1948 467 aliud
1984 411 2235 482 inteiiigo,

359 509 516 560 quam
534 496 630 548 Dei
651 496 1015 556 directionem,
1055 501 1313 558 quatenus
1343 508 1437 558 per
1464 507 1648 544 causas
1677 500 1909 548 externas
1939 500 1989 544 et
2008 493 2243 558 inopina-

357 581 436 624 tas
457 586 540 623 res
559 571 812 625 humanas
833 572 1023 638 dirigit.
1095 572 1194 622 His
1217 569 1515 637 praelibatis
1536 569 1601 621 ad
1620 562 1857 622 nostrum
1880 570 2135 637 intentum
2149 585 2243 622 -re—

356 657 631 712 vertamur,
671 657 728 702 ut
747 649 1029 710 videamus,
1063 649 1191 714 quid
1212 647 1266 698 id
1287 647 1441 700 fuerit
1458 654 1679 715 propter·
1686 648 1827 713 quod
1848 646 2083 700 Hebraea
2102 649 2241 699 natio

358 726 492 778 dicta
520 725 673 778 fuerit
703 727 862 780 aneo
889 741 1010 793 prae
1049 725 1264 791 reliquis
1305 726 1486 776 electa.
1558 725 1641 776 Ad
1683 725 1822 790 quod
1859 724 2239 832 ostendendum

357 805 434 855 sic
453 803 700 871 procedo.
1890 840 1893 842 ψ

461 881 547 936 12.
619 880 838 943 Omnia,
877 893 1008 946 quae
1028 880 1241 932 honeste
1259 881 1531 946 cupimus,
1570 878 1636 930 ad
1655 878 1781 930 haec
1797 880 1889 930 tria
1912 827 2240 947 potissimum

355 957 674 1021 referuntur,
725 970 910 1023 nempe
955 971 1060 1009 res
1093 971 1206 1023 per
1241 958 1486 1024 primas
1522 961 1676 1008 sua’s
1712 970 1945 1011 causas
1980 956 2241 1008 intelli-

355 1049 529 1101 gere;
567 1036 918 1102 passiones
956 1034 1209 1086 domare
1245 1035 1353 1086 sive
1390 1033 1987 1088 virtutis-habitum
2023 1030 2266 1100 acqui-'

355 1126 523 1173 rere;
563 1121 613 1163 et
640 1112 869 1176 denique·
901 1106 1125 1164 secure
1153 1117 1212 1162 et
1237 1125 1396 1162 sano
1434 1125 1707 1178 corpore
1740 1111 1975 1164 vivere.
2046 1112 2241 1174 Media,
2274 1163 2279 1168 .

359 1201 491 1254 quae
509 1188 574 1240 ad
591 1189 818 1256 primum
838 1195 889 1240 et
906 1188 1198 1244 secundum
1219 1189 1409 1240 directe
1426 1189 1732 1250 inserviunt,
1770 1195 1823 1239 et
1842 1202 1977 1254 quae
1995 1196 2241 1255 tanquam

357 1279 544 1318 causae
561 1267 820 1333 proximae
839 1273 889 1316 et
907 1263 1188 1316 efficientes
1208 1265 1520 1318 considerari
1538 1273 1781 1333 possunt,
1805 1267 1866 1328 ⁸in
1884 1266 1999 1332 ipsa
2017 1265 2242 1318 humana

357 1349 538 1393 natura
567 1343 927 1403 continentum
965 1343 1036 1393 ita
1063 1349 1124 1394 ut
1151 1357 1330 1394 eorum
1360 1344 1631 1408 acquisitio
1650 1359 1679 1395 a
1696 1343 1808 1394 sola
1826 1350 2000 1395 nostra
2019 1345 2245 1410 potentia

359 1420 470 1472 sive
494 1433 526 1472 a
553 1419 680 1472 solis
708 1419 980 1486 humanae,
995 1428 1204 1471 naturae
1233 1419 1437 1486 legibus
1457 1421 1731 1488 praecipue
1754 1420 1992 1488 pendeat.
2018 1478 2027 1487 ‚
2065 1420 2133 1470 Et
2151 1421 2245 1472 hac

359 1497 424 1548 de
457 1509 615 1549 causa
649 1497 864 1548 omnino
901 1495 1236 1550 statuendum
1276 1505 1384 1560 est,
1422 1497 1549 1549 haee
1584 1498 1721 1548 dona
1758 1497 1888 1549 nulli
1923 1499 2119 1548 nationi
2150 1512 2245 1564 pe-

359 1573 599 1635 culiaria,
639 1573 735 1625 sed
771 1574 865 1624 toti
893 1573 1120 1624 humano
1146 1576 1321 1640 generi
1352 1576 1882 1642 communiasemper
1910 1573 2101 1636 ruisse3
2138 1576 2245 1626 nisi

359 1643 620 1703 somniare
639 1648 856 1702 velimus
877 1651 1116 1703 naturam
1135 1650 1260 1702 olim
1280 1650 1479 1703 diversa
1497 1651 1767 1703 hominum
1796 1648 1980 1718 genera
2008 1665 2248 1719 procrea-

358 1729 514 1780 visse.
590 1725 675 1779 13.
712 1727 786 1779 At
802 1725 999 1789 media,
1022 1740 1158 1796 quae
1175 1727 1240 1779 ad
1259 1741 1441 1781 secure
1460 1728 1732 1781 vivendum
1754 1736 1807 1781 et
1822 1744 2013 1796 corpus
2028 1744 2245 1781 eonser—
2265 1728 2273 1734 '

360 1804 582 1860 vandum
614 1804 928 1868 inserviunt,
967 1805 1022 1855 in
1049 1804 1208 1879 rebus
1237 1807 1459 1858 externis
1487 1808 1761 1873 praecipue
1778 1808 1877 1857 sita
1893 1814 2047 1868 sunt3
2087 1813 2246 1873 atque

357 1882 476 1933 ideo
504 1882 642 1933 dona
671 1880 908 1933 fortunae
933 1887 1204 1944 vocantur,
1250 1884 1373 1947 quia
1401 1885 1646 1937 nimirum
1676 1885 1899 1937 maxime
1916 1898 1945 1935 a
1963 1883 2245 1935 directione

361 1972 632 2010 causarum
669 1959 1016 2021 externarum,
1067 1973 1224 2025 quam
1263 1961 1563 2026 ignoramus
1580 2001 1593 2024 ,
1644 1961 1901 2027 pendent,
1951 1962 2019 2012 ita
2054 1967 2117 2017 ut
2152 1961 2247 2013 hac

359 2038 414 2087 in
435 2042 490 2087 re
507 2035 700 2089 stultus
728 2035 834 2087 fere
862 2050 1026 2103 aeque
1053 2036 1171 2088 felix
1201 2044 1253 2088 et
1269 2037 1473 2101 infelix,
1516 2053 1577 2089 ac
1594 2038 1822 2105 prudens
1839 2040 1928 2089 sit.
2001 2037 2243 2089 Attamen
2336 2072 2341 2077 -

357 2113 425 2166 ad
443 2126 622 2165 secure
639 2112 912 2166 vivendum
937 2121 989 2165 et
1011 2114 1227 2178 iniurias
1256 2115 1489 2179 aliorum,
1506 2116 1806 2178 hominum,
1835 2111 1898 2170 'et
1927 2116 2084 2167 etiam
2105 2114 2240 2167 bru—

269 2201 274 2207 ’
359 2198 557 2254 torum,
599 2190 899 2253 evitandum
927 2189 1156 2243 humana
1192 2181 1407 2251 directio
1436 2201 1487 2245 et
1520 2193 1775 2259 vigilantia
1813 2192 2034 2244 muitum
2071 2193 2243 2244 iuvare

327 2318 332 2325 .
359 2276 549 2335 potest.
624 2268 708 2319 14.
743 2266 833 2321 Ad
859 2267 998 2333 quod
1027 2268 1232 2321 nullum
1259 2271 1449 2323 certius
1468 2270 1698 2322 medium
1718 2270 1848 2321 ratio
1866 2277 1917 2325 et
1936 2270 2245 2335 experientia

360 2346 560 2407 docuit,
586 2335 743 2410 quam
761 2345 1056 2397 societatem
1076 2348 1228 2398 certis
1247 2346 1452 2413 legibus
1470 2348 1721 2411 formare,
1746 2355 2039 2412 certamque
2058 2347 2246 2397 mundi
2286 2366 2291 2372 ·

355 2424 564 2489 plagam
592 2434 840 2501 occupare
867 2428 920 2473 et
949 2424 1181 2475 omnium
1210 2424 1343 2475 vires
1362 2424 1431 2475 ad
1446 2438 1613 2476 unum
1634 2425 1785 2491 quasi
1802 2438 2019 2490 corpus,
2058 2437 2247 2489 nempe

359 2498 650 2561 societatis,
686 2492 937 2563 redigere.
1008 2501 1202 2551 Verum
1221 2503 1361 2566 enim
1380 2516 1499 2554 vero
1518 2502 1583 2553 ad
1604 2503 1901 2554 societatem
1920 2500 2247 2553 formandam

360 2584 413 2630 et
439 2574 843 2628 conservandam
870 2576 1136 2642 ingenium
1163 2584 1215 2628 et
1235 2578 1492 2645 vigilantia
1512 2593 1616 2630 non
1632 2578 1913 2630 mediocris
1930 2577 2243 2665 requiritun

362 2662 415 2709 et
440 2653 630 2706 idcirco
659 2651 747 2704 ina
776 2653 994 2705 societas
1024 2656 1262 2717 securior
1282 2656 1380 2707 erit
1398 2664 1451 2707 et
1468 2656 1631 2721 magis
1651 2644 1924 2716 constans,
1968 2654 2247 2721 minusque

360 2720 594 2785 fortunae
615 2728 860 2793 obnoxia,
883 2744 1014 2796 quae
1035 2732 1254 2784 maxime
1272 2731 1339 2783 ab
1357 2732 1657 2784 hominibus
1676 2731 2023 2800 prudentibus
2041 2738 2093 2783 et
2108 2733 2245 2797 vigi—

358 2808 591 2862 lantibus
611 2806 860 2859 fundatur
879 2816 929 2859 et
947 2807 1222 2875 dirigitur3
1246 2816 1298 2861 et
1316 2816 1509 2872 contra,
1549 2824 1683 2876 quae
1703 2824 1763 2861 ex
1780 2808 2081 2862 hominibus
2101 2808 2247 2861 rudis

360 2886 561 2953 ingenii-
587 2892 815 2949 constat,
853 2886 1070 2937 maxima
1101 2901 1161 2939 ex
1183 2887 1327 2954 parte
1355 2902 1386 2939 a
1414 2884 1627 2939 fortuna
1647 2887 1839 2955 pendet
1868 2895 1919 2939 et
1955 2876 2133 2938 minus
2169 2892 2278 2938 est·

363 2970 658 3035 constans..
704 2964 788 3015 15.
827 2962 981 3027 Quod
1007 2964 1055 3014 si
1081 2971 1254 3029 tamen
1285 2965 1378 3016 diu
1406 2958 1774 3031 permanserit,
1812 2964 1866 3017 id
1902 2963 2116 3015 alterius
2155 2964 2245 3015 di-

364 3041 600 3102 rectioni,
629 3054 747 3112 ‘non
777 3054 903 3093 suae
932 3040 1174 3103 debetur3
1213 3043 1319 3094 imo
1348 3042 1395 3093 si
1422 3056 1607 3108 magna
1626 3039 1851 3108 pericula
1870 3042 2248 3108 exsuperaverit

366 3124 418 3170 et
435 3130 516 3173 res
533 3118 634 3185 ipsi
657 3131 904 3185 prospere
921 3120 1292 3184 successerint,
1331 3133 1439 3171 non
1456 3120 1645 3187 poterit
1660 3122 1775 3177 iasa
1792 3119 1890 3173 Dei
1908 3112 2244 3171 directionem
