2548 3485
1113 171 1251 218 cni».
1304 170 1414 216 vn.
2084 167 2206 230 105

323 352 705 418 cognoscimus.
777 352 830 404 9.
869 349 973 404 Sed
1009 358 1070 403 ut
1105 349 1242 402 clare
1278 356 1505 412 constet,
1544 350 1676 402 lianc
1704 351 1839 402 viam
1866 365 1973 402 non
2008 358 2209 404 tantum

323 437 548 492 certam,
585 428 678 482 sed
707 431 859 482 etiam
886 429 1092 482 unicam
1121 441 1262 491 esse,
1306 441 1521 494 eamque
1548 442 1666 479 cum
1696 427 1937 481 methodo
1956 430 2211 495 interpre-

325 507 463 558 tandi
501 513 737 560 naturam
776 509 1072 568 convenire,
1116 505 1430 569 notandum,
1472 505 1611 572 quod
1648 507 1909 572 Scriptura
1948 506 2013 558 de
2050 507 2209 559 rebus

323 587 629 652 saepissime
657 587 788 650 agit,
827 599 962 650 quae
989 599 1047 634 ex
1074 585 1345 652 principiis
1374 582 1569 636 lumine
1600 583 1821 636 naturali
1850 585 1988 635 notis
2024 583 2211 636 deduci

325 669 617 728 nequeunt;
657 663 770 714 eius
801 663 941 714 enim
979 663 1250 713 maxima-m
1288 668 1483 728 partem
1518 661 1759 713 historiae
1793 668 1846 713 et
1876 662 2209 714 revelationes

325 747 660 806 componunt.
756 741 841 793 10.
886 738 960 789 At
995 736 1236 793 historiae
1273 739 1519 790 miracula
1554 739 1888 804 potissimum
1926 740 2205 800 continent,

323 817 418 868 hoc
438 822 518 866 est
537 819 620 880 (ut
639 817 691 866 in
712 817 978 884 superiore
1007 816 1170 882 capite
1189 817 1238 882 ¹)
1271 815 1650 877 ostendimus),
1692 816 2009 876 narrationes
2036 831 2209 867 rerum

323 895 648 946 insolitarum
688 902 928 955 naturae,
975 891 1315 959 opinionibus
1352 899 1403 944 et
1442 893 1651 946 iudiciis
1689 892 2077 957 historicorum,
2118 896 2208 960 qui

323 985 412 1022 eas
440 972 790 1036 scripserunt,
831 971 1270 1031 accommodatas;
1313 969 1645 1022 revelationes
1674 978 1846 1021 autem
1878 971 2209 1038 opinionibus

325 1050 476 1100 etiam
496 1049 862 1115 prophetarum
884 1047 1299 1100 accommodatae
1319 1055 1460 1108 sunt,
1500 1049 1628 1098 utin
1648 1047 1877 1099 secundo
1898 1062 2010 1115 cap.
2034 1057 2211 1101 osten-

329 1126 505 1178 dimus
527 1127 624 1194 ²),
682 1133 734 1177 et
768 1127 880 1190 ipsa
919 1139 1090 1178 revera
1128 1132 1337 1190 captum
1376 1124 1663 1176 humanum
1700 1132 1963 1191 superant.
2038 1126 2210 1190 Quare

246 1208 251 1213 “
325 1203 548 1268 cognitio
577 1201 762 1254 horum
791 1203 1052 1264 omnium,
1093 1201 1192 1254 hoc
1211 1210 1319 1264 est,
1358 1201 1590 1252 omnium
1620 1201 1725 1254 fere
1754 1217 1953 1265 rerum,
1994 1215 2128 1270 quae
2154 1204 2211 1254 in

326 1281 590 1346 Scriptura
619 1280 972 1342 continentur,
1013 1278 1078 1330 ab
1105 1281 1220 1344 ipsa
1250 1278 1517 1344 Scriptura
1546 1279 1657 1329 sola
1694 1281 1796 1345 peti
1835 1279 2015 1340 debet;
2056 1282 2211 1332 sicuti

325 1358 546 1422 cognitio
566 1363 778 1406 naturae
795 1355 862 1406 ab
883 1357 996 1422 ipsa
1015 1365 1215 1408 natura.
1284 1357 1367 1408 11.
1390 1355 1544 1418 Quod
1564 1355 1629 1406 ad
1649 1356 1956 1409 documenta
1974 1358 2207 1421 moralia,

327 1447 458 1500 quae
485 1435 642 1486 etiam
671 1434 724 1485 in
754 1433 937 1486 Bibliis
965 1434 1323 1497 continentur,
1366 1434 1577 1494 attinet,
1614 1434 1708 1484 etsi
1740 1435 1853 1500 ipsa
1882 1449 1943 1486 cx
1980 1435 2211 1486 notioni-

326 1511 426 1564 bus
456 1509 823 1564 communibus
851 1511 1190 1562 demonstrari
1223 1517 1475 1576 possunt,
1516 1524 1621 1562 non
1650 1518 1821 1577 potest
1846 1517 2021 1563 tamen
2037 1525 2097 1562 ex
2115 1513 2209 1562 iis-

325 1589 444 1640 dem
464 1589 803 1639 demonstrari
822 1627 836 1650 ,
878 1589 1192 1654 Scripturam
1215 1587 1395 1639 eadem
1419 1588 1621 1649 docere,
1662 1587 1756 1638 sed
1775 1587 1873 1640 hoc
1888 1604 1949 1640 ex
1966 1588 2077 1640 sola
2094 1590 2211 1655 ipsa

326 1667 586 1733 Scriptura
623 1671 860 1718 constare
899 1673 1086 1730 potest.
1157 1669 1270 1717 Imo
1308 1665 1353 1717 si
1394 1666 1507 1716 sine
1542 1665 1857 1731 praeiudicio
1894 1665 2211 1718 divinitatem

327 1746 618 1811 scripturae
646 1744 824 1795 testari
851 1742 1117 1807 volumus,
1160 1742 1313 1795 nohis
1342 1758 1399 1794 ex
1428 1742 1607 1796 eadem
1637 1744 1747 1797 sola
1776 1751 2012 1796 constare
2034 1741 2207 1807 debet,

325 1824 492 1889 ipsam
527 1835 644 1873 vera
671 1821 980 1873 documenta
1009 1820 1220 1873 moralia
1248 1820 1458 1881 docere3
1498 1812 1559 1872 ex
1586 1821 1683 1872 hoc
1701 1821 1838 1873 enim
1860 1822 1971 1873 solo
1990 1822 2107 1873 eius
2128 1822 2212 1873 di-

269 1908 276 1913 ·
325 1900 512 1957 vinitas
539 1898 876 1951 demonstrari
913 1904 1102 1965 potest.
1183 1900 1315 1951 Nam
1354 1898 1714 1951 certitudinem
1752 1899 2115 1966 prophetarum
2151 1914 2213 1950 cx

327 1977 424 2028 hoc
449 1976 728 2043 praecipue
753 1981 988 2027 constare
1019 1975 1371 2041 ostenduam,
1412 1975 1552 2042 quod
1580 1976 1859 2044 prophetae
1886 1977 2117 2028 animum
2145 1976 2213 2028 ad

327 2068 550 2120 aequum
581 2060 634 2105 et
661 2052 856 2104 bonum
883 2053 1184 2105 inclinatum
1214 2052 1493 2105 habebant.
1566 2053 1737 2115 Quare
1764 2053 1861 2107 hoc
1886 2053 2027 2105 idem
2056 2054 2211 2105 etiam

328 2130 480 2183 nobis
505 2138 742 2183 constare
772 2128 956 2192 debet,
993 2137 1052 2182 ut
1076 2128 1234 2182 fidem
1262 2130 1395 2197 ipsis
1432 2130 1696 2195 possimus
1732 2129 1939 2199 habere⁸
2016 2132 2097 2187 12.
2135 2130 2213 2181 Ex

329 2210 594 2261 miraculis
621 2214 792 2259 autem
819 2207 918 2260 Dei
945 2207 1256 2259 divinitatem
1287 2221 1389 2258 non
1427 2220 1583 2274 posse
1620 2209 1878 2272 convinci,
1914 2208 2019 2258 iam
2056 2208 2209 2259 etiam

327 2286 824 2344 domonstravimus,
864 2290 924 2335 ut
949 2285 1051 2335 iam'
1079 2292 1301 2348 taccam,
1344 2284 1483 2349 quod
1503 2285 1657 2337 etiam
1678 2300 1705 2335 a
1724 2284 2210 2352 pseudo-propbeta

329 2362 437 2415 lieri
465 2368 718 2428 poterant.
791 2363 962 2425 Quare
992 2362 1285 2428 scripturae
1324 2360 1562 2413 divinitas
1600 2377 1659 2414 ex
1694 2361 1790 2415 hoc
1824 2362 1937 2413 solo
1975 2368 2211 2414 constare

331 2440 507 2504 debet,
547 2440 688 2506 quod
711 2440 824 2505 ipsa
843 2453 1014 2491 veram
1033 2440 1270 2491 virtutem
1290 2439 1489 2491 doceat.
1561 2439 1727 2505 Atqui
1746 2440 1843 2491 hoc
1860 2454 1921 2491 ex
1940 2440 2049 2491 sola
2068 2440 2213 2492 Scri-

327 2525 485 2584 ptura·
497 2524 732 2569 constare
750 2523 942 2584 potest.
1017 2516 1172 2580 Quod
1191 2517 1237 2567 si
1257 2532 1361 2569 non
1380 2525 1559 2585 posset
1577 2516 1687 2569 fieri
1701 2557 1716 2580 ,
1756 2532 1859 2569 non
1888 2518 2005 2569 sine
2023 2531 2210 2583 magno

327 2594 642 2661 praeiudicio
669 2594 886 2646 eandem
917 2592 1343 2660 amplecteremur
1368 2596 1509 2647 etde
1544 2596 1661 2647 cius
1696 2596 1959 2648 divinitate
1995 2602 2211 2647 testare-

329 2686 459 2723 mur.
531 2672 658 2723 Tota
694 2672 870 2737 itaque
900 2672 1194 2737 Scripturae
1231 2673 1455 2739 cognitio
1494 2672 1559 2724 ab
1594 2674 1709 2741 ipsa
1728 2674 1855 2733 ,sola
1892 2674 1996 2740 peti
2032 2670 2205 2723 debet.

331 2749 415 2800 13.
453 2750 688 2815 Denique
718 2749 981 2816 Scriptura
1010 2763 1210 2812 rerum,
1250 2749 1317 2801 de
1352 2749 1840 2817 quibusloquitur,
1881 2750 2209 2801 definitiones

326 2840 429 2877 non
452 2826 620 2889 tradit,
645 2833 703 2875 ut
719 2840 814 2877 nec
833 2826 986 2877 etiam
1009 2833 1210 2879 natura.
1253 2826 1427 2889 Quare
1450 2828 1889 2894 quemadmodum
1910 2840 1970 2878 ex
1988 2825 2209 2877 diversis

327 2910 536 2955 naturae
571 2901 866 2956 actionibus
903 2902 1228 2957 definitiones
1266 2918 1439 2957 rerum
1477 2905 1785 2956 naturalium
1822 2902 2209 2957 concludendae

431 3092 471 3141 1)
506 3089 605 3135 Vid.
627 3102 730 3145 cap.
751 3089 790 3132 6.
813 3092 853 3142 §-
873 3092 912 3131 3.
934 3092 998 3131 13.
1021 3090 1082 3135 al.

429 3152 472 3203 2)
508 3150 606 3196 vid.
628 3162 730 3208 cap.
751 3152 791 3193 2.
814 3148 1024 3207 inprimis
1045 3154 1088 3205 s.
1110 3154 1296 3195 13—15.
