2548 3485
1074 180 1212 225 cu.
1267 179 1402 225 xvi.
1452 191 1459 197 ·
2055 174 2176 233 215

299 356 592 419 civitatum,
631 356 753 423 qui,
793 370 858 409 ne
887 354 1009 409 beili
1037 354 1339 409 discrimine
1366 357 1417 409 in
1436 354 1727 423 periculum
1744 355 1978 418 veniant,
2016 354 2181 407 veleb

303 434 452 487 eiiam
492 447 876 499 quamcumque
912 432 1182 487 utilitatem
1213 435 1345 486 inter
1372 446 1428 487 se
1456 432 1790 496 contrahunt,
1830 432 2051 485 invicem
2080 442 2183 483 non

300 510 500 563 laedere
516 550 532 572 ,
571 510 664 563 sed
685 518 860 563 eontra
878 511 1184 563 necessitate
1209 517 1423 578 cogente
1452 511 1717 579 opitulari,
1754 510 1912 577 idque
1938 522 2186 575 unoquo-

303 603 404 653 que
425 602 582 639 suum
613 589 892 654 imperium
919 589 1190 641 retinente.
1261 592 1349 641 44.
1389 588 1491 641 Hic
1518 595 1810 641 contractus
1836 595 1941 639 tom
1971 587 2063 639 diu
2088 586 2187 639 erit

302 664 528 727 validus,
569 678 728 731 qnam
757 665 850 717 diu
877 666 989 719 eius
1018 665 1445 728 fundamentum,
1486 678 1675 732 nempe
1700 666 1825 716 ratio
1844 664 2059 732 periculi
2078 665 2186 715 sive

303 742 538 795 utilitatis
555 782 568 805 ‚
611 744 664 794 in
693 742 866 795 medio
892 744 1012 802 erin
1054 744 1246 809 quippe
1267 757 1419 794 nemo
1439 742 1715 805 contrahit,
1755 756 1851 794 nec
1870 742 2033 809 poetis
2052 748 2187 793 stare

307 824 536 882 tenetur,
592 819 692 871 nisi
729 833 823 885 spe
859 819 1080 871 alicuius
1117 818 1242 873 honi
1278 821 1359 873 vei
1395 817 1740 873 sollicitudine
1775 817 1995 871 alicuius
2042 816 2185 869 maii.

304 894 460 959 Quod
469 895 864 949 fundamentum
885 896 932 947 si
949 896 1172 960 tollatur,
1197 904 1403 964 pactum
1424 911 1484 948 ex
1502 910 1619 948 sese
1634 896 1855 959 tollitur;
1880 894 2020 963 quod
2034 896 2189 947 etiam

305 972 612 1040 experientia
631 973 760 1028 satis
777 987 1040 1039 superque
1063 974 1230 1025 docet.
1305 976 1390 1027 45.
1430 975 1561 1025 Nam
1592 977 1831 1039 quemvis
1860 974 2059 1026 diverse
2086 971 2187 1023 im-

305 1050 445 1117 perio
482 1051 616 1102 inter
649 1064 707 1101 se
742 1049 1040 1103 contrahant
1075 1051 1291 1103 invicem
1320 1065 1423 1102 non
1452 1050 1680 1113 laedere,
1720 1057 1969 1103 conentur
1994 1058 2185 1110 tamen,

305 1132 560 1193 quantum
593 1135 841 1193 possunt,
901 1125 1179 1193 impedire,
1239 1143 1344 1193 quo
1380 1129 1555 1181 minus
1591 1128 1893 1181 alterutrum
1927 1126 2189 1195 potentius

306 1204 508 1267 evadet,
551 1218 646 1255 nec
672 1203 828 1256 fidem
857 1203 1008 1256 dictis
1027 1202 1244 1266 habent,
1288 1205 1389 1255 nisi
1411 1206 1681 1271 utriusque
1699 1204 1765 1255 ed
1783 1202 2189 1256 contrahendum

307 1280 460 1333 finem
477 1286 527 1333 et
542 1282 812 1333 utilitatem
827 1282 956 1334 satis
973 1288 1296 1348 perspectam
1316 1280 1613 1341 habaet-inu
1653 1281 1779 1333 olias
1793 1282 1971 1333 dotum
1988 1282 2189 1339 timent,

308 1372 404 1409 nec
441 1358 642 1412 iniuria.
719 1358 852 1422 Quis
887 1358 1028 1409 enim
1065 1357 1217 1409 dictis
1245 1364 1298 1408 et
1324 1359 1597 1424 promissis
1630 1360 1769 1421 eius,
1808 1358 1899 1424 qui
1932 1369 2191 1409 summm

307 1440 613 1500 potestatem
634 1434 784 1487 etius
803 1436 986 1487 retinet
1003 1435 1068 1486 ed
1089 1432 1345 1501 quidlibet
1363 1434 1677 1497 faciendum,
1705 1441 1759 1486 et
1776 1435 1861 1487 cui
1880 1436 1965 1486 sui
1988 1433 2193 1499 imperii

310 1510 455 1565 selus
482 1518 534 1563 et
559 1512 756 1565 utilitas
783 1524 990 1564 summa
1017 1511 1096 1563 lex
1121 1509 1278 1563 debet
1304 1524 1447 1575 esse,
1485 1513 1807 1577 acquiescet,
1846 1512 1949 1563 nisi
1980 1509 2190 1571 stultus,

310 1589 399 1654 qui
417 1601 744 1640 summarum
762 1595 1074 1655 potestatum
1093 1589 1178 1639 ius
1198 1587 1435 1654 ignorat?
1468 1588 1553 1639 46.
1575 1590 1642 1639 Et
1659 1590 1704 1640 si
1728 1596 1985 1655 praeterea
2002 1586 2067 1639 ed
2086 1588 2195 1653 pie·

309 1671 462 1716 tatem
481 1672 532 1717 et
549 1664 849 1731 religionem
869 1664 1219 1729 attendemus,
1251 1664 1541 1718 videbimus
1560 1668 1773 1733 insuper
1793 1666 2070 1731 neminem,
2104 1664 2193 1729 qui

309 1742 583 1810 imperium
604 1750 770 1809 tenet,
813 1740 1012 1810 absque
1031 1744 1224 1796 sceiere
1241 1745 1516 1811 promissis
1535 1751 1670 1798 stare
1688 1758 1847 1811 posse
1866 1757 1985 1795 cum
2004 1742 2193 1794 damno

309 1820 390 1878 sui
413 1821 638 1887 imperii.
694 1821 956 1886 Quicquid
973 1822 1110 1874 enim
1131 1822 1369 1888 promisit
1390 1821 1527 1888 quod
1548 1823 1601 1873 in
1621 1822 1869 1874 domnum
1888 1822 1973 1872 sui
1994 1819 2195 1886 imperii

310 1896 492 1948 cadere
522 1897 688 1960 videt,
725 1895 778 1950 id
813 1906 1070 1964 proestare
1100 1911 1205 1948 non
1232 1904 1431 1965 potest,
1476 1898 1576 1950 nisi
1598 1897 1755 1949 iidem
1774 1897 2003 1950 subditis
2022 1897 2194 1948 dotem

310 1973 582 2036 solvendo,
641 1988 743 2039 qun
779 1982 948 2028 tamen
985 1974 1206 2026 maxime
1241 1981 1475 2035 tenetur,
1523 1981 1575 2026 et
1602 1988 1765 2040 quem
1801 1976 1956 2026 etiem
1994 1986 2195 2024 servare

311 2050 638 2105 sanctissime
656 2052 952 2116 promittere
981 2051 1169 2102 solent.
1242 2052 1329 2104 47.
1368 2051 1527 2104 Porro
1544 2053 1711 2101 hostie
1730 2058 1832 2112 est,
1876 2051 2195 2116 quicumque

310 2134 445 2179 extra
466 2127 717 2180 civitatem
737 2128 808 2178 ite
827 2128 970 2188 vivit,
1008 2133 1070 2180 ut
1087 2141 1256 2193 neque
1271 2135 1331 2179 ut
1348 2127 1741 2180 confoederatus
1753 2167 1769 2191 ,
1801 2139 1969 2191 neque
1988 2132 2045 2176 ut
2060 2124 2195 2176 sub·-

312 2204 451 2256 ditus
486 2205 764 2271 imperium
799 2205 1016 2258 civitatis
1053 2211 1315 2271 agnoscet.
1388 2205 1611 2256 Hostem
1655 2205 1793 2256 enim
1842 2203 2045 2270 imperii
2090 2216 2197 2252 non

311 2280 520 2342 odium,
559 2280 650 2332 sed
680 2281 765 2333 ius
793 2281 940 2344 fecit,
980 2289 1030 2334 et
1057 2281 1142 2334 ius
1169 2282 1389 2334 civitatis
1416 2282 1469 2332 in
1488 2295 1637 2341 eum,
1677 2283 1768 2346 qui
1786 2279 1901 2332 eius
1919 2279 2196 2346 imperium

313 2357 454 2409 nulio
471 2357 806 2410 contrahendi
825 2373 1010 2424 genere
1027 2359 1279 2425 agnoscit,
1302 2357 1440 2410 idem
1458 2365 1609 2410 estse
1623 2358 1675 2409 in
1694 2372 1815 2410 eum
1835 2358 1925 2425 qui
1944 2357 2195 2408 domnum

313 2434 510 2496 intulit3
554 2428 747 2502 quippe
781 2449 1108 2502 quecumque
1139 2435 1335 2487 ratione
1366 2435 1574 2501 poterit,
1616 2434 1841 2486 eundem
1874 2433 1955 2486 vel
1990 2433 2055 2484 ed
2093 2433 2194 2484 de-

314 2511 562 2564 ditionem
581 2511 658 2564 vel
677 2511 742 2562 ed
764 2512 1264 2564 confoederationem
1284 2513 1397 2564 iure
1414 2518 1587 2578 potest
1598 2523 1796 2577 cogere.
1845 2512 1933 2563 48.
1958 2510 2196 2576 Denique

314 2590 510 2639 crimen
547 2589 722 2640 laesae
759 2591 1055 2640 maiestatis
1091 2590 1143 2639 in
1181 2587 1407 2640 subditis
1446 2589 1551 2641 sive
1586 2588 1786 2641 civibus
1821 2595 2051 2649 tantum,
2106 2585 2198 2660 (ἰαί

313 2672 461 2731 pacto
479 2665 631 2716 tacito
648 2664 726 2716 vei
739 2679 980 2730 expresso
997 2679 1148 2716 omne
1169 2679 1326 2716 suum
1347 2665 1431 2716 ius
1453 2667 1506 2716 in
1528 2666 1783 2718 civitatem
1804 2663 2193 2725 transtulerunt,

313 2741 482 2794 locum
513 2740 698 2805 hahet3
739 2749 894 2809 etque
924 2743 970 2792 is
997 2739 1242 2792 subditus
1270 2741 1370 2792 tale
1398 2743 1591 2794 crimen
1623 2742 1949 2794 commisisse
1986 2737 2193 2803 dicitur,

314 2819 403 2885 qui
431 2819 516 2870 ius
543 2832 778 2870 summae
810 2819 1079 2886 potestatis
1115 2815 1289 2885 eliqua
1327 2819 1521 2871 ratione
1546 2819 1794 2885 arripere,
1834 2830 1930 2868 seu
1957 2815 2011 2865 in
2037 2813 2197 2866 elium

314 2893 586 2948 transferre
609 2902 826 2948 conatus
845 2903 942 2946 est.
999 2894 1084 2947 49.
1118 2895 1246 2946 Dico
1261 2913 1276 2944 ι
1314 2903 1532 2947 conatus
1550 2901 1653 2954 est3
1694 2906 1813 2945 nem
1830 2892 2002 2942 sinon
2022 2899 2200 2945 essent

313 2971 696 3025 condemnandi
714 2973 816 3024 nisi
837 2977 957 3038 post
973 2969 1164 3023 fectum
1185 2972 1553 3036 commissum,
1585 2984 1701 3024 sero
1719 2969 2045 3036 pierumque,
2078 2975 2199 3036 post

315 3049 396 3102 ius
413 3055 679 3116 acceptum
699 3055 788 3100 out
806 3047 1113 3099 translatum
1133 3047 1185 3100 in
1207 3048 1368 3099 alium
1382 3086 1397 3111 ,
1434 3047 1489 3100 id
1507 3053 1779 3098 conaretur
1798 3044 1997 3096 civitas.
2068 3045 2197 3097 Dico

317 3125 502 3180 deinde
522 3124 787 3180 absolute:
819 3126 910 3192 qui
928 3125 1100 3192 eliqua
1121 3125 1317 3178 ratione
1333 3124 1418 3177 ius
1437 3137 1671 3177 summae
1689 3121 1959 3190 potestatis
1976 3122 2198 3187 arripere
