2548 3485
333 137 455 198 152
731 139 1123 188 'rnacnrus
1161 137 1818 188 ‘summano-pour.

327 340 447 400 mn
470 339 596 404 ,ipse
623 342 674 387 et
698 337 816 403 ipsa
839 333 982 388 idem
1008 336 1176 388 sentio
1191 374 1206 399 ,
1246 336 1389 402 quod
1418 333 1613 387 scilicet
1640 333 1950 386 recentiores
1976 339 1999 396 Ἰ
2026 349 2132 386 vau
2158 334 2210 386 in

326 437 462 506 'jod
484 445 811 492 mutaverunt
837 437 1000 506 (quae
1027 439 1242 491 mutatio
1272 439 1326 490 in
1358 437 1591 490 Hebraea
1620 438 1790 504 lingua
1815 435 2061 506 frequens
2083 439 2213 507 est),

326 540 490 593 quum
509 540 676 592 genus
696 524 1006 578 femininum
1026 524 1313 592 significare
1333 524 1595 585 volebant;
1635 531 1686 576 at
1713 524 1853 590 quod
1886 525 2088 593 antiqui
2107 538 2210 577 non

324 604 426 655 nisi
456 601 719 655 vocalibus
750 602 908 654 huius
937 603 1260 670 pronominis
1294 603 1598 655 femininum
1619 616 1648 653 a
1667 601 1955 654 masculino
1974 601 2213 654 solebant

325 681 656 746 distinguere.
741 680 826 732 51.
867 681 951 733 Sic
986 686 1246 748 praeterea
1284 678 1609 746 quorundam
1643 677 1917 732 verborum
1955 679 2211 731 anomalia

325 758 424 810 alia
440 757 580 825 apud
601 759 817 824 priores,
840 757 939 809 alia
959 757 1096 826 apud
1118 764 1355 825 posteros
1375 755 1493 821 fuit,
1515 763 1567 810 et
1585 756 1808 824 denique
1828 757 2027 824 antiqui
2046 755 2207 808 literis

325 852 643 920 paragogiois
682 856 966 916 amanter!
1001 851 1254 918 singulari
1271 852 1357 904 sui
1375 852 1621 918 temporis
1642 852 1891 918 elegantia
1908 850 2206 905 utebantur.

326 947 472 1010 Quae
499 946 673 998 omnia
700 944 784 998 hic
814 946 996 998 multis
1023 946 1272 1012 exemplis
1290 945 1546 997 illustrare
1566 959 1807 1012 possem3
1846 945 1943 998 sed
1960 945 2079 997 nolo
2096 952 2208 996 tae-

323 1024 477 1076 diosa
497 1022 718 1075 lectione
735 1023 980 1076 lectorem
999 1023 1251 1075 detinere.
1324 1024 1411 1078 52.
1447 1022 1520 1074 At
1536 1023 1582 1074 si
1601 1023 1721 1089 quis
1742 1029 1901 1089 roget,
1924 1022 2063 1074 unde
2081 1022 2209 1074 baec

323 1101 580 1164 noverim,
619 1101 940 1168 respondeo,
981 1101 1104 1166 quia
1143 1101 1258 1167 ipsa
1302 1100 1445 1166 apud
1479 1101 1873 1166 antiquissimos
1908 1101 2202 1166 scriptores,

321 1192 512 1246 nempe
535 1178 591 1229 in
619 1176 806 1228 Bibliis
833 1192 988 1244 saepe
1015 1179 1212 1244 reperi,
1255 1191 1351 1230 nec
1379 1184 1549 1230 tamen
1578 1191 1667 1228 eos
1696 1178 1887 1243 posteri
1906 1177 2095 1229 Imitari
2113 1191 2208 1229 vo-

321 1256 557 1317 luerunt,
596 1268 730 1321 quae
750 1255 904 1306 unica
924 1262 1003 1306 est
1022 1269 1178 1306 causa
1193 1293 1208 1316 ,
1249 1253 1389 1306 unde
1408 1255 1463 1306 in
1484 1253 1697 1319 reliquis
1716 1253 1927 1322 linguis,
1968 1255 2207 1320 quamvis

321 1334 426 1385 iam
457 1332 609 1384 etiam
647 1333 892 1397 mortuis,
934 1339 1105 1383 tamen
1142 1331 1296 1384 verba
1332 1329 1563 1384 obsoleta
1600 1338 1905 1385 noscuntur.
1978 1331 2065 1384 53.
2103 1331 2207 1384 Sed

322 1411 451 1463 forte
472 1408 641 1462 adbuc
660 1408 850 1477 aliquis
868 1409 1112 1470 instabit,
1152 1423 1317 1475 quum
1346 1422 1439 1473 ego
1473 1409 1746 1461 maximam
1767 1408 1957 1461 barum.
1970 1414 2207 1460 notarum

321 1494 519 1556 partem
548 1486 738 1539 dubias
767 1500 884 1538 esse
914 1485 1158 1537 lectiones
1189 1485 1486 1547 statuerim,
1529 1500 1623 1537 cur
1640 1500 1909 1553 nunquam
1929 1485 2088 1537 unius
2107 1484 2206 1536 loci

321 1565 517 1633 plures,
549 1578 706 1630 quam
728 1563 860 1614 duae
880 1562 1124 1613 lectiones
1146 1568 1375 1629 repertae
1395 1562 1529 1622 sint;
1570 1577 1661 1613 cur
1678 1561 1957 1628 aliquando
1976 1576 2079 1614 non
2103 1569 2205 1612 tres

321 1642 401 1695 vel
421 1641 623 1708 plures3
655 1639 843 1692 deinde
861 1638 1003 1704 quod
1023 1637 1277 1704 quaedam
1298 1639 1350 1688 ln
1370 1639 1575 1706 scriptis
1593 1639 1723 1691 adeo
1742 1640 2015 1693 manifeste
2033 1652 2208 1705 gram-

322 1719 539 1771 maticae
566 1722 884 1784 repugnant,
924 1729 1058 1783 quae
1087 1715 1140 1789 in
1179 1716 1409 1781 margine
1438 1724 1572 1769 recte
1603 1723 1869 1781 notantur,
1914 1723 1969 1769 ut
1995 1717 2207 1769 minime

321 1794 638 1847 credendum
655 1794 725 1845 sit
741 1792 940 1846 scribas
959 1793 1166 1845 haerere
1184 1794 1437 1860 potuisse,
1460 1801 1511 1845 et
1530 1801 1642 1846 utra
1661 1802 1798 1846 esset
1818 1810 1931 1847 vera
1952 1795 2204 1846 dubitare.

323 1874 408 1924 54.
448 1871 550 1923 Sed
581 1870 646 1922 ad
673 1870 802 1923 haec
831 1870 983 1921 etiam
1014 1869 1160 1922 facile
1179 1870 1551 1937 respondetur,
1589 1878 1639 1923 et
1658 1872 1871 1937 quidem
1891 1870 1955 1923 ad
1976 1872 2205 1939 primum

321 1949 464 2010 dico,
511 1948 688 2015 plures
725 1948 889 2000 ruisse
925 1947 1201 2010 lectiones,
1248 1963 1409 2015 quarn
1449 1962 1579 2015 quas
1619 1950 1671 1999 in
1708 1950 1900 2001 nostris
1935 1947 2203 2000 codicibus

321 2033 523 2079 notatas
562 2026 894 2093 reperimus..
941 2028 1001 2076 ln
1027 2025 1283 2077 Talmude
1312 2026 1451 2076 enim
1482 2025 1656 2091 plures
1696 2032 1962 2087 notantur,
2003 2038 2135 2092 quae
2176 2040 2204 2077 a

317 2104 596 2157 Masoretis
625 2102 886 2169 neglectae
916 2108 1072 2163 sunt,
1111 2109 1162 2154 et
1187 2110 1293 2153 tam
1322 2096 1493 2169 aperte
1523 2101 1701 2152 multis
1720 2104 1772 2153 in
1793 2103 1917 2155 locis
1936 2101 1999 2153 ab
2018 2100 2203 2152 iisdem

321 2180 594 2242 recedunt,
627 2186 684 2231 ut
701 2180 1093 2246 superstitiosus
1113 2179 1201 2231 ille
1222 2186 1472 2231 corrector
1488 2178 1773 2231 Bibliornm
1795 2178 2207 2245 Bombergiano-

320 2273 438 2312 rum
464 2258 670 2310 tandem
700 2263 909 2309 coactus
939 2256 1092 2308 suerit
1118 2256 1263 2307 fateri
1301 2256 1354 2305 in
1383 2270 1477 2307 sua
1520 2254 1861 2322 praefatione,
1902 2270 1959 2308 se
1994 2268 2084 2307 eos
2121 2269 2205 2307 re-

321 2352 595 2404 conciliare
621 2353 846 2403 nescire:
887 2327 1029 2420 ‘amb
1061 2353 1198 2420 mv*
1230 2352 1414 2412 uri-1:
1446 2344 1580 2412 ⁸¹73<
1610 2329 1843 2413 ‘st-tn&
1872 2355 2059 2421 sav-v
2091 2327 2200 2414 &¹71

319 2448 602 2517 notorem·
632 2430 710 2524 ὃν
743 2432 949 2519 mse&
982 2458 1204 2515 κῆνοι-ι
1238 2456 1501 2516 nvn-nm
1549 2457 1631 2515 ot,
1677 2453 1874 2519 inquit,
1912 2454 2000 2505 hic
2030 2456 2207 2505 nosen·-

318 2562 436 2601 mm
467 2548 812 2615 respondere,
861 2550 969 2598 nist·
999 2546 1146 2613 quod
1177 2563 1341 2614 supra
1373 2547 1761 2613 respondimus,
1810 2560 2026 2613 nempe,
2065 2548 2209 2614 quod

318 2642 445 2679 mm
467 2624 734 2678 Talmudia
750 2629 830 2675 est
847 2623 1129 2675 Macar-atie
1145 2624 1528 2675 contradicere.
1602 2621 1775 2685 Quare
1798 2638 1899 2674 non
1922 2625 2053 2675 satis
2083 2638 2202 2676 curn

321 2703 658 2756 fundamento
679 2707 904 2754 statuere
925 2715 1234 2767 possumus,
1276 2702 1433 2752 unius
1455 2700 1550 2751 loci
1574 2714 1675 2751 non
1698 2700 1875 2766 plures
1895 2715 2051 2766 quam
2072 2702 2203 2753 duas

319 2781 570 2832 lectiones
590 2793 822 2844 unquam
843 2778 1022 2829 fuisse.
1097 2780 1184 2829 55.
1205 2778 1447 2830 Attamen
1468 2777 1616 2829 facile
1636 2776 1881 2839 concedo,
1903 2779 2007 2830 imo
2028 2777 2199 2841 credo,

320 2858 481 2908 unius
500 2857 596 2908 loci
617 2870 883 2921 uunquam
903 2854 1108 2921 plure5‚
1149 2869 1306 2921 quam
1336 2854 1466 2905 duas
1497 2854 1742 2907 lectiones
1770 2862 1995 2921 repertas
2018 2854 2199 2918 fuisse,

323 2932 479 2997 idque
497 2932 564 2984 ob
584 2934 714 2985 duas
733 2934 986 2992 rationes3
1027 2946 1211 3000 nempe
1229 2934 1273 2983 1.
1297 2934 1414 2998 quia
1435 2945 1587 2983 causa
1601 2971 1615 2993 ,
1659 2932 1796 2983 unde
1816 2932 1998 2985 harum
2020 2932 2203 2983 lectio-

324 3023 452 3059 num
486 3008 774 3061 varietatem
811 3018 975 3061 ortam
1011 3022 1126 3061 esse
1156 3008 1507 3071 ostendimus„
1548 3024 1651 3060 non
1682 3010 1857 3076 plures
1886 3023 2039 3074 quam
2070 3008 2200 3060 duas

327 3083 601 3136 concedere
619 3094 807 3151 potest.
881 3086 1220 3141 Ostendimus
1247 3088 1385 3141 enim
1416 3101 1501 3141 eas
1531 3087 1862 3155 potissimum
1881 3100 1939 3139 ex
1954 3085 2202 3139 similitu-
