2548 3485
1109 116 1246 163 cae.
1303 113 1393 164 111.
2114 115 2196 175 Bt

315 292 493 346 odium
515 294 568 345 in
588 306 644 345 se
665 294 1020 357 converterint,
1033 294 1191 359 idque
1209 309 1313 346 non
1335 300 1532 345 tantum
1552 294 1737 348 ritibus
1756 298 1992 361 externis,
2012 297 2197 350 ritibus

309 378 591 423 ceterarum
608 372 874 423 nationum
887 373 1172 433 centrariis,
1187 371 1281 423 sed
1294 373 1445 425 etiam
1458 372 1609 438 signo
1618 374 2041 438 circumcisionis,
2055 376 2195 440 quod

309 448 696 513 religiosissime
726 456 950 500 servant.
1024 448 1178 511 Quod
1209 455 1381 500 autem
1410 450 1679 501 nationum
1708 451 1885 502 odium
1904 466 1995 503 eos
2014 452 2201 504 admo-

307 524 437 576 dum
457 532 742 589 conservet,
782 526 840 579 id
855 527 960 577 iam
978 526 1291 592 experientia
1308 526 1503 578 docuit.
1578 528 1662 579 54.
1702 529 1879 591 Quum
1902 542 1988 580 rex
2003 530 2200 595 Hispa-

308 603 426 653 niae
453 602 576 653 oiim
605 603 829 655 Iudaeos
859 604 1030 669 coegit
1056 604 1202 669 regni
1221 604 1516 669 religionem
1536 603 1804 657 admittere
1822 604 1901 659 vel
1917 607 1971 656 in
1992 605 2197 657 exilium

307 680 413 741 ire,
451 681 754 747 perplurimi
783 681 963 733 Iudaei
992 680 1373 749 pontific-iorum
1401 678 1699 747 religionem
1718 682 2065 744 admiserunt;
2104 683 2198 735 sed

308 758 431 821 quia
453 758 548 821 iis,
586 759 680 825 qui
700 757 1000 823 religionem
1029 757 1379 821 admiserunt,
1416 758 1589 810 omnia
1608 760 1961 825 Hispanorum
1990 766 2199 811 natura-

305 833 437 885 lium
456 836 717 901 privilegia
737 849 984 887 concessa
1003 844 1146 898 sunt,
1186 836 1327 901 iique
1348 832 1593 886 omnibus
1612 834 1897 888 honoribus
1918 836 2063 903 dig-ni
2082 838 2197 887 exi-

307 912 503 965 stimati
524 920 670 975 sunt,
711 914 884 963 statim
905 914 976 965 ita
995 926 1054 963 se
1073 914 1327 979 Hispanis
1349 913 1774 977 immiscuerunt,
1818 922 1876 965 ut
1894 928 2059 980 pauco
2076 920 2199 982 post

310 996 538 1055 tempore
567 989 740 1041 nullae
765 1004 947 1041 eorum
977 989 1222 1055 reliquiae
1253 990 1565 1051 manserint,
1606 1004 1779 1055 neque
1806 990 1911 1042 ulla
1931 992 2197 1043 memoria.

307 1063 380 1115 At
405 1064 558 1131 plane
587 1074 760 1119 contra
790 1068 856 1119 iis
876 1068 1114 1132 contigit,
1155 1080 1291 1133 quos
1310 1082 1396 1119 rex
1412 1068 1779 1121 Lusitanorum
1800 1066 2093 1133 religionem
2112 1069 2201 1120 sui

307 1142 512 1208 imperii
529 1144 800 1197 admittere
817 1144 983 1209 coegit
997 1182 1012 1205 ‚
1033 1145 1126 1209 qui
1145 1158 1351 1210 semper
1364 1184 1380 1207 ‚
1410 1145 1649 1211 quamvis
1666 1144 1732 1198 ad
1754 1143 2053 1211 religionem
2072 1158 2200 1197 con-

307 1220 468 1281 versi,
507 1219 1079 1289 abomnibuaseparati
1108 1221 1367 1285 vixerunt,
1406 1222 1651 1273 nimirum
1684 1222 1803 1287 quia
1832 1236 1925 1273 eos
1954 1222 2198 1274 omnibus

307 1295 596 1349 honoribus
617 1297 860 1364 indignos
881 1296 1175 1350 declaravit.
1249 1300 1337 1350 55.
1376 1298 1591 1363 Signum
1614 1299 2023 1351 circumcisionis
2042 1300 2199 1351 etiam

305 1372 406 1424 hac
433 1373 486 1425 in
515 1388 568 1426 re
590 1380 788 1425 tantum
807 1389 964 1443 posse
985 1376 1218 1427 existimo
1235 1414 1250 1438 ‚
1288 1383 1347 1426 ut
1368 1376 1493 1427 milii
1510 1375 1877 1442 persuadeam,
1919 1375 2015 1427 hoc
2032 1390 2197 1428 unum

306 1449 441 1501 hanc
459 1453 722 1503 nationem
741 1453 796 1505 iu
816 1459 1082 1504 aeternum
1101 1456 1525 1505 conservaturum
1542 1468 1557 1514 ς
1599 1454 1705 1505 imo
1724 1452 1830 1503 nisi
1858 1452 2196 1505 fundamenta

305 1540 436 1587 suae
464 1527 730 1593 religioni-s
757 1542 937 1581 eornm
975 1530 1177 1581 animos
1216 1530 1599 1593 effeminarent,
1638 1528 1874 1582 absolute
1912 1529 2195 1592 crederem,

305 1618 398 1655 eos
429 1604 742 1671 aliquando,
781 1606 898 1657 data
927 1608 1224 1669 occasione,
1264 1614 1323 1659 ut
1350 1615 1477 1661 sunt
1500 1622 1583 1659 res
1613 1607 1871 1659 humanae
1898 1604 2195 1669 mutabiles,

305 1693 466 1732 sunm
487 1682 764 1750 imperium
783 1685 973 1735 iterum
993 1690 1252 1736 erecturos
1271 1724 1287 1749 ,
1324 1687 1601 1752 Deumque
1630 1698 1721 1736 eos
1752 1684 1817 1737 de
1846 1696 1977 1735 novo
2004 1683 2199 1735 electu-

305 1773 444 1812 rum.
535 1760 620 1812 56.
659 1761 824 1814 Cuius
859 1763 1014 1814 etiam
1053 1761 1124 1813 rei
1166 1764 1457 1830 exemplum
1492 1763 1812 1830 praeclarum
1847 1761 2103 1814 habemus
2142 1763 2197 1816 in

305 1835 693 1902 (ulmensibus,
733 1841 822 1904 qui
853 1839 1013 1890 etiam
1040 1852 1252 1891 comma*
1274 1839 1485 1908 aliquod
1520 1841 1575 1892 in
1612 1841 1779 1907 capite
1813 1839 2197 1906 religiosissime

303 1919 538 1978 servant,
580 1928 684 1979 quo
723 1927 782 1966 se
819 1914 886 1967 ab
923 1915 1170 1968 omnibus
1207 1917 1325 1970 aliis
1361 1924 1628 1985 separant,
1668 1925 1721 1970 et
1752 1918 1826 1968 ita
1862 1917 2083 1982 sepa-rati
2123 1923 2199 1968 tot

301 2003 562 2042 annorum
590 1991 750 2043 millia
779 2003 838 2044 se
865 2001 1318 2060 conservaverunt,
1356 2003 1415 2046 ut
1433 1995 1737 2062 antiquitate
1754 1995 1985 2060 reliquas
2012 2008 2196 2045 omnes

305 2067 544 2120 nationes
591 2067 743 2134 longe
790 2077 1060 2136 supereum
1117 2085 1214 2122 nec
1257 2086 1465 2138 semper
1508 2073 1785 2138 imperium
1832 2069 2193 2132 obtinuerunt3

304 2151 532 2196 attamen
557 2144 685 2196 illud
714 2149 968 2198 emissum
999 2157 1457 2216 recuperaverunt,
1496 2157 1549 2202 et
1574 2150 1691 2218 sine
1718 2146 1879 2200 dubio
1896 2149 2083 2200 iterum
2104 2163 2193 2200 re·-

303 2220 664 2287 superabunt,
699 2223 792 2274 ubi
811 2227 1140 2278 'tartarorum
1170 2227 1334 2278 animi
1350 2237 1476 2293 prae
1497 2228 1618 2283 luxu
1638 2225 1929 2278 divitiarum
1948 2231 2003 2276 et
2018 2239 2197 2280 socor-

303 2299 390 2350 dia
419 2299 750 2365 languescere
778 2301 1044 2366 incipient.
1119 2302 1202 2356 5⁷.
1242 2305 1481 2370 Denique
1508 2306 1553 2356 si
1582 2303 1701 2370 quis
1729 2301 1881 2354 vellet
1896 2301 2192 2368 defendere,

302 2375 527 2430 ludaeos
547 2376 642 2428 hae
659 2377 738 2430 vel
757 2377 855 2429 alin
873 2377 938 2428 de
957 2393 1112 2432 eausa
1133 2395 1162 2432 a
1178 2383 1293 2433 Deo
1314 2383 1367 2432 in
1386 2389 1651 2436 ueternum
1670 2379 1863 2432 electos
1882 2377 2063 2444 fuisse,
2088 2396 2192 2434 non

303 2454 406 2519 ipsi
425 2453 758 2521 repugnabo,-
778 2455 936 2507 modo
952 2463 1174 2518 statuet,
1198 2459 1333 2510 hane
1352 2459 1655 2511 electionem
1671 2496 1685 2521 ,
1709 2455 1797 2508 vel
1810 2464 2192 2524 temporaneam

303 2531 382 2583 vel
423 2537 711 2594 aeternam,
761 2537 1018 2598 quatenus
1055 2549 1112 2586 ea
1149 2539 1350 2587 tantum
1388 2536 1595 2588 Iudaeis
1630 2534 1903 2602 peculiaris
1938 2545 2047 2598 est,
2087 2552 2191 2588 non

304 2609 565 2674 respicere
593 2609 694 2660 nisi
723 2610 997 2676 imperium
1018 2619 1069 2663 et
1085 2593 1315 2678 eosporis
1336 2613 1723 2665 commoditates
1743 2612 2193 2678 (quandoquidem

301 2685 406 2739 hoe
432 2686 605 2752 solum
631 2699 792 2738 unam
811 2689 1071 2740 nationem
1105 2688 1170 2739 ab
1190 2689 1287 2740 alia
1316 2689 1635 2757 distinguere
1658 2689 1883 2758 potest)3
1920 2702 1972 2744 at
2000 2694 2194 2744 ratione

303 2763 600 2816 intellectus
619 2771 669 2815 et
686 2779 832 2818 verae
852 2767 1057 2818 virtutis
1072 2765 1268 2818 nullam
1290 2769 1554 2820 nationem
1575 2767 1649 2820 ab
1660 2767 1756 2820 alia
1777 2768 2053 2836 distingui,
2093 2772 2193 2822 ad·-

305 2850 473 2906 eoque
493 2841 579 2893 liis
598 2843 650 2892 in
671 2841 828 2893 rebus
847 2857 944 2894 nec
961 2859 990 2894 a
1009 2844 1118 2895 Deo
1137 2858 1298 2896 unam
1318 2859 1441 2911 prae
1459 2846 1558 2897 alia.
1576 2845 1715 2912 eligi.
