2548 3485
1120 124 1258 170 car.
1304 124 1347 169 ι.
1754 125 1761 139 ’
2092 116 2171 177 19

391 302 479 355 13.
517 300 684 355 Verba
722 299 948 367 decalogi
982 315 1042 352 ex
1077 302 1320 368 opinione
1356 302 1681 367 quorundam
1718 302 2027 355 Iudaeorum
2066 315 2173 352 non

283 380 499 431 fuerunt
533 393 564 430 a
600 380 710 430 Deo
749 377 974 445 prolata,
1025 379 1116 429 sed
1154 384 1368 444 putant,
1418 380 1557 445 quod
1592 380 1852 431 Israelitae
1900 378 2173 444 strepitum

285 464 491 508 tantum
521 456 852 517 audiverunt,
897 454 1038 507 nulla
1069 456 1279 520 quidem
1317 454 1468 506 verba
1503 456 1877 523 proferentem,
1918 462 2073 519 atque
2110 467 2173 505 eo

285 534 510 585 durante
528 533 666 599 leges
688 532 918 599 decalogi
938 546 1067 598 pura
1094 539 1264 583 mente
1299 542 1657 598 perceperunt.
1730 531 1883 596 Quod
1902 546 1995 596 ego
2019 532 2175 582 etiam

288 609 572 676 aliqnando
609 610 904 675 suspicatus
943 623 1087 671 snm,
1130 610 1252 675 quia
1286 608 1523 661 videbam
1560 608 1711 661 verba
1748 610 1975 675 decalogi
2010 609 2175 661 Exodi

285 689 485 739 variare
502 686 567 739 ab
589 688 655 737 iis
675 685 905 752 decalogi
926 687 1341 745 Deuteronomii;
1380 700 1440 737 ex
1458 701 1563 751 quo
1581 688 1783 738 videtur
1800 687 1950 752 sequi
1973 684 2174 753 (quan-

287 764 576 829 doquidem
602 764 746 815 Deus
778 764 938 815 semel
967 769 1164 814 tantum
1193 763 1397 815 locutus
1428 765 1561 830 est),
1601 763 1901 830 decalogum
1930 777 2033 814 non
2062 763 2177 829 ipsa

287 842 388 892 Dei
410 838 563 892 verba
578 879 592 901 ‚
627 840 719 892 sed
741 847 942 891 tantum
961 842 1243 892 sententias
1264 841 1445 891 docere
1465 840 1610 893 veile.
1686 843 1769 894 14.
1808 840 2049 892 Attamen
2068 840 2175 890 nisi

289 918 593 984 scripturae
608 918 712 969 vim
735 916 922 968 inferre
939 917 1178 979 velimus,
1200 918 1419 968 omnino
1438 917 1825 970 concedendum
1847 925 1943 979 est,
1966 918 2177 968 Israeli-

289 1003 372 1045 tas
409 1008 582 1046 veram
617 1009 794 1046 vocem
831 993 1113 1045 audivisse.
1186 995 1319 1046 Nam
1348 995 1612 1062 Scriptura
1644 1000 1797 1047 Dent.
1831 1009 1945 1061 cap.
1968 998 2020 1047 5.
2050 1009 2099 1046 v.
2119 997 2172 1045 4.

288 1100 532 1153 expresse
570 1086 722 1138 dicitz
764 1090 932 1174 qim?
977 1091 1120 1177 ’,ῖῖιέ
1167 1093 1363 1177 Εέςῃ
1408 1089 1556 1180 ,Ὃς-ιζ
1602 1094 1740 1180 ἾΞΠ
1785 1094 1981 1181 0,).ἓέ
2024 1092 2175 1179 ῃῃέ

291 1194 452 1286 ζθζνςῖ]
529 1198 774 1263 Desacie
801 1196 1096 1264 adfaciem
1125 1198 1331 1249 locutus
1358 1205 1439 1251 eet
1458 1200 1597 1251 Deus
1626 1202 1892 1253 vobiscum
1918 1208 2015 1252 etc.
2034 1237 2049 1262 ‚
2080 1201 2177 1251 hoc

292 1300 401 1355 est,
440 1300 500 1343 ut
527 1291 629 1343 duo
661 1291 898 1343 homines
923 1306 1051 1343 suos
1079 1299 1361 1359 conceptus
1391 1294 1637 1355 invicem,
1679 1293 2027 1346 mediantibus
2063 1298 2178 1345 suis

295 1368 508 1421 duobus
527 1368 847 1434 corporibuS‚
873 1370 1254 1421 communicare
1273 1362 1461 1423 soient.
1532 1372 1857 1437 Quapropter
1874 1373 2037 1437 magis
2056 1385 2177 1423 cum

293 1447 558 1513 Scriptura
580 1447 850 1497 convenire
868 1446 1068 1498 videtur
1080 1484 1096 1510 ‚
1127 1446 1268 1511 quod
1287 1448 1433 1499 Deus
1450 1448 1677 1515 aliquam
1694 1462 1869 1499 vocem
1890 1462 2005 1501 vere
2024 1462 2175 1500 crea-

291 1525 395 1586 vit,
435 1536 541 1589 qua
577 1523 690 1588 ipse
728 1522 1030 1588 decalogum
1068 1522 1324 1575 revelavit.
1398 1526 1567 1576 Causa
1602 1531 1773 1577 autem
1812 1538 1903 1576 cur
1938 1524 2089 1577 verba
2127 1531 2179 1574 et

291 1602 520 1653 rationes
548 1600 706 1652 unius
733 1615 764 1652 a
792 1599 964 1654 verbis
993 1606 1044 1651 et
1069 1599 1355 1652 rationibus
1384 1602 1595 1654 alterius
1622 1602 1844 1664 variant,
1884 1602 1949 1654 de
1976 1616 2037 1653 ea
2064 1601 2179 1652 vide

289 1692 410 1745 cap.
431 1678 485 1729 8.
564 1677 646 1727 15.
686 1677 876 1728 Verum
906 1677 1044 1728 enim
1075 1691 1196 1728 vero
1223 1692 1319 1729 nec
1342 1678 1441 1729 hoc
1460 1679 1613 1731 modo
1633 1680 1803 1731 omnis
1822 1678 2016 1731 tollitur
2033 1678 2177 1731 diffi-

291 1756 480 1808 cultas.
551 1755 682 1808 Nam
702 1769 806 1806 non
828 1769 1008 1820 parum
1029 1769 1058 1805 a
1080 1755 1274 1806 ratione
1295 1755 1521 1808 alienum
1542 1758 1740 1810 videtur
1756 1763 1998 1820 statuere,
2039 1757 2181 1821 quod

291 1847 380 1884 res
399 1837 592 1896 creata,
633 1846 662 1882 a
681 1832 790 1884 Deo
811 1831 991 1884 eodem
1011 1831 1166 1882 modo
1187 1845 1248 1883 ac
1271 1833 1501 1899 reliquae
1528 1833 1827 1899 dependens
1842 1873 1856 1897 ,
1896 1834 2194 1898 essentiam-

293 1916 388 1962 aut
405 1909 723 1962 existentiam
744 1909 838 1960 Dei
867 1923 920 1960 re
937 1915 1027 1960 aut
1053 1907 1224 1960 verbis
1244 1913 1524 1976 exprimere
1544 1919 1633 1964 aut
1652 1910 1899 1978 explicare
1916 1926 2009 1978 per
2027 1925 2179 1963 suam

291 1999 572 2053 personam
612 1993 818 2051 possen
866 1999 1050 2052 nempe
1086 1985 1305 2038 dicendo
1342 1988 1394 2037 in
1433 1987 1593 2052 prima
1630 2001 1879 2052 personaz
1926 2003 2029 2053 ego
2062 2003 2180 2038 nem

289 2063 496 2114 Jehova
515 2062 662 2113 Deus
679 2066 801 2112 tum
821 2068 918 2114 etc.
989 2063 1058 2114 Et
1075 2064 1310 2128 quamvis
1326 2101 1342 2123 ‚
1363 2061 1455 2115 ubi
1474 2063 1661 2129 aliquis
1682 2078 1770 2115 ore
1786 2064 1934 2115 dicit:
1976 2079 2077 2129 ego
2094 2068 2180 2114 in-

292 2139 509 2200 tollaoei,
549 2153 702 2190 nemo
731 2146 876 2205 putet
901 2153 987 2201 os,
1029 2139 1125 2192 sed
1152 2146 1352 2192 tantum
1381 2146 1607 2193 mentem
1638 2139 1865 2191 hominis
1884 2140 1937 2191 id
1959 2141 2181 2192 dicentis

291 2215 639 2275 intellexisse3
682 2218 804 2282 quia
831 2224 1002 2269 tamen
1033 2231 1094 2268 os
1122 2216 1186 2268 ad
1209 2224 1445 2268 naturam
1460 2216 1687 2268 hominis
1707 2217 1759 2269 id
1780 2216 1995 2268 dicentis
2015 2217 2182 2268 reser-

293 2301 415 2354 tur,
446 2299 496 2344 et
523 2293 678 2344 etiam
706 2295 754 2345 is
771 2331 786 2356 ,
825 2293 910 2344 cui
938 2293 991 2344 id
1021 2294 1240 2357 dicitur,
1282 2299 1515 2345 naturam
1542 2293 1836 2345 intellectus
1865 2302 2177 2360 perceperat,

293 2375 530 2422 mentem
559 2368 784 2422 hominis
803 2369 1064 2435 loquentis
1084 2384 1176 2436 per
1193 2371 1627 2436 comparationem
1648 2371 1733 2422 sui
1751 2369 1900 2421 facile
1920 2372 2178 2436 intelligit.

300 2446 390 2498 16.
428 2446 500 2498 At
517 2447 607 2512 qui
624 2447 718 2498 Dei
741 2446 867 2498 nihil
887 2454 1087 2516 praeter
1107 2460 1296 2498 nomen
1318 2454 1465 2498 antea
1485 2455 1756 2510 noverant,
1788 2454 1841 2498 et
1855 2449 2028 2514 ipsum
2048 2447 2183 2500 allo-

293 2525 392 2588 qui
419 2521 722 2589 cupiebent,
764 2531 824 2575 ut
851 2522 917 2576 de
943 2524 1056 2576 eius
1076 2524 1341 2576 existentia
1361 2525 1481 2576 certi
1500 2523 1707 2584 fierent3
1748 2537 1853 2576 non
1872 2525 2020 2578 video
2040 2540 2180 2591 quo-

293 2598 456 2651 modo
494 2614 674 2652 eorum
713 2601 944 2667 petitioni
981 2601 1302 2652 satisfactum
1340 2601 1438 2652 fuit
1474 2616 1565 2667 per
1600 2609 1885 2654 creaturam
1916 2602 2087 2670 (quae
2116 2603 2183 2654 ad

291 2679 471 2728 Deum
492 2691 598 2727 non
619 2678 782 2742 magis
798 2715 813 2738 ,
835 2690 994 2743 quam
1015 2676 1212 2742 reliqua
1231 2684 1398 2729 creata
1411 2716 1427 2739 ,
1448 2679 1663 2730 refertur
1680 2678 1812 2731 etad
1832 2679 1927 2730 Dei
1946 2687 2182 2730 naturam

293 2767 406 2804 non
427 2753 691 2819 pertinet),
715 2768 846 2819 quae
866 2753 1082 2805 diceret:
1105 2770 1207 2817 ego
1225 2769 1342 2804 aum
1359 2755 1523 2805 Deus.
1596 2755 1804 2818 Quaeso
1824 2755 1951 2820 quid
1971 2756 2017 2807 si
2036 2755 2181 2807 Deus

292 2827 441 2880 labia
460 2830 628 2881 Mosis
647 2869 661 2891 ,
691 2830 784 2882 sed
807 2829 931 2896 quid
949 2826 1152 2882 Mosis?
1185 2831 1291 2882 imo
1310 2831 1528 2882 alicuius
1547 2830 1741 2884 bestiae
1762 2833 2096 2884 contorsisset
2114 2832 2184 2884 ad

293 2905 482 2957 endem
514 2906 953 2972 pronuntiandum
983 2913 1031 2956 et
1059 2907 1363 2959 dicendum:
1404 2923 1503 2972 ego
1521 2924 1637 2959 sum
1653 2909 1816 2973 Deua,
1856 2921 1921 2958 an
1942 2908 2065 2958 inde
2083 2910 2181 2961 Dei

291 2983 621 3035 existentiam
652 2980 1024 3048 intelligerent?
1096 2985 1179 3036 17.
1219 2985 1417 3035 Deinde
1439 2985 2180 3050 Scriptura·omninoindicere

293 3059 504 3114 videtur
520 3060 689 3113 Deum
718 3062 894 3129 ipsum
912 3061 1144 3114 locutum
1163 3061 1325 3114 fuisse
1348 3063 1529 3131 (quem
1548 3061 1612 3111 ad
1632 3060 1786 3112 finem
1808 3073 1835 3112 e
1857 3061 1997 3134 coelo
2022 3075 2179 3129 supra

1678 3148 1709 3200 2
1727 3146 1755 3175 ’k
