2548 3485
1122 163 1262 212 car».
1317 165 1408 214 rx.
1765 189 1768 192 ⁴
1896 149 1900 170 ²
2089 158 2208 219 153

328 346 455 400 dine
470 343 795 412 quarundam
822 343 1087 396 literarum
1116 343 1253 396 ortas
1280 343 1461 396 fuisse.
1533 343 1620 396 56.
1657 343 1830 406 Quare
1855 342 2076 395 dubium
2101 343 2210 396 fere

330 437 537 491 semper
568 422 671 476 buc
699 422 905 475 tandem
932 419 1162 483 redibat,
1200 420 1438 474 videlicet
1455 427 1570 474 utra
1587 435 1647 472 ex
1665 419 1874 474 duabus
1889 419 2051 472 literis
2067 426 2209 472 esset

330 507 617 573 scribenda,
659 517 702 573 2
722 511 817 561 Bet
832 522 899 560 an
919 517 959 570 2
978 507 1100 572 Ka‘t',
1139 514 1160 554 ν
1176 507 1277 558 Jod
1297 515 1397 569 an}
1415 510 1542 571 Van,
1585 512 1627 569 Ἶ
1647 507 1794 558 Dalet
1811 521 1876 558 an
1898 510 1940 569 Ἴ
1959 507 2066 558 Res
2085 512 2203 568 etc„

332 611 553 664 quarum
578 609 709 649 usus
738 594 1191 661 frequentissimus
1220 601 1325 655 est3
1366 601 1416 645 et
1448 593 1564 646 ideo
1589 607 1744 661 saepe
1772 594 2064 660 contingere
2091 599 2210 660 pot-

334 681 467 736 erat,
507 681 565 725 ut
591 681 807 739 utraque
838 685 1050 723 sensum
1079 671 1400 723 tolerabilem
1430 677 1655 738 pareret:
1695 670 1882 722 deinde
1907 678 2082 723 utrum
2102 669 2209 746 sylx-

332 751 446 803 laba
483 751 633 817 longa
668 757 759 802 aut
793 747 965 801 brevis
1000 756 1165 808 esset,
1205 761 1425 813 quarum
1461 749 1720 815 quantitas
1755 749 1820 799 iis
1848 747 2035 810 literis,
2077 760 2208 812 quas

332 830 660 895 qui‘eseentes
678 828 990 892 vocavimus,
1014 825 1400 878 determinatur.
1445 826 1546 877 His
1566 825 1715 886 adde,
1741 825 1880 891 quod
1903 839 2004 876 non
2025 837 2208 876 omnes

330 913 481 958 notae
509 912 634 957 sunt
660 902 851 956 dubiae
880 902 1153 963 lectionesz
1195 902 1384 954 multas
1413 903 1549 953 enim
1566 893 1828 970 appositas
1849 917 1964 954 esse
1984 900 2208 954 diximus

331 983 615 1035 honestatis
643 994 797 1034 causa
812 1019 826 1042 ‚
866 986 919 1032 et
944 981 1098 1032 etiam
1128 987 1187 1031 ut
1204 979 1357 1032 verba
1375 979 1608 1032 obsoleta
1627 988 1680 1032 et
1696 981 1964 1046 antiquata
1981 977 2208 1045 explica-

330 1069 461 1112 rent.
536 1059 622 1111 5⁷.
662 1056 900 1110 Secu-uda
930 1059 1085 1120 ratio,
1128 1071 1222 1108 cur
1252 1056 1378 1108 mihi
1414 1058 1728 1123 persuadeo,
1770 1057 1930 1108 unius
1965 1056 2065 1106 loci
2103 1069 2206 1106 non

330 1137 535 1204 plures,
575 1151 731 1202 quam
766 1134 897 1186 duas
934 1134 1183 1186 lectiones
1220 1135 1462 1200 reperiri,
1509 1143 1616 1198 est,
1667 1136 1786 1202 q'nia
1821 1134 1972 1186 credo
2007 1133 2206 1184 scribas

327 1227 493 1280 pauca
529 1213 809 1265 admodum
848 1211 1155 1278 exemplaria
1194 1211 1476 1278 reperisse3
1524 1212 1652 1264 forte
1687 1227 1791 1264 non
1828 1213 1998 1278 plura,
2049 1224 2206 1276 quam

328 1293 531 1352 duovel
549 1299 663 1350 tria.
712 1301 773 1350 In
792 1304 1007 1378 tractatu
1028 1288 1312 1349 sc‘ribarum
1335 1302 1570 1359 0⁹1le
1592 1311 1705 1362 cap.
1719 1297 1770 1348 6.
1794 1311 1895 1349 non
1917 1297 2018 1348 nisi
2036 1296 2100 1358 de
2123 1299 2210 1350 tri-

328 1384 430 1437 bus
449 1384 506 1437 fit
523 1386 744 1448 mentio,
790 1399 921 1450 quae
939 1381 1143 1450 fingunt
1162 1391 1393 1451 tempore
1411 1385 1608 1435 Hezrae
1627 1385 1834 1435 inventa
1855 1383 2016 1434 fuisse
2030 1424 2044 1446 ,
2087 1387 2207 1452 quia

328 1462 591 1514 venditant
608 1461 701 1514 bas
720 1469 868 1512 notas
886 1461 951 1513 ab
972 1463 1087 1528 ipso
1104 1463 1272 1514 Hezra
1295 1463 1559 1528 appositas
1581 1461 1762 1512 luisse.
1838 1462 1923 1513 58.
1945 1455 2205 1529 Quicquid
2293 1452 2302 1467 ⁰

330 1541 423 1603 sit,
464 1541 509 1590 si
540 1539 635 1592 tria
667 1537 990 1600 babuerunt,
1033 1538 1179 1608 facile
1206 1539 1474 1606 concipere
1503 1552 1788 1606 possumus
1799 1575 1816 1602 ‚
1858 1537 1961 1589 duo
2001 1553 2207 1606 semper

328 1619 381 1668 in
404 1615 586 1668 eodem
607 1614 719 1666 loeo
738 1617 1069 1677 convenisse;
1110 1617 1235 1682 quin
1257 1617 1363 1668 imo
1381 1617 1748 1682 unusquisque
1770 1615 1943 1667 mirari
1962 1629 2086 1668 sane
2107 1633 2206 1686 po-

328 1695 536 1756 tuisset,
559 1693 603 1745 si
625 1693 679 1745 in
700 1693 867 1746 tribus
888 1702 1088 1746 tantum
1109 1694 1491 1761 exemplaribus
1511 1700 1613 1745 tres
1635 1693 1865 1746 diversae
1883 1695 2042 1746 unius
2061 1695 2205 1748 eius·-

326 1773 551 1837 demque
577 1771 677 1822 loci
706 1770 953 1823 lectiones
982 1773 1348 1837 reperirentur.
1421 1769 1538 1833 Quo
1569 1778 1741 1823 autem
1767 1772 1872 1824 fato
1892 1772 2084 1824 factum
2107 1780 2203 1837 est,

326 1857 385 1899 ut
402 1856 521 1915 post
539 1850 754 1900 Hezram
776 1854 914 1899 tanta
935 1850 1306 1915 exemplarium
1325 1850 1539 1915 penuria
1563 1848 1742 1910 suerit,
1783 1850 1831 1901 is
1861 1852 2034 1903 mirari
2063 1851 2208 1903 desi-

327 1932 441 1987 net,
482 1926 575 1991 qui
602 1924 682 1977 vel
706 1925 881 1977 solum
908 1940 1021 1993 cap.
1048 1927 1097 1978 1.
1129 1926 1249 1977 libr.
1273 1928 1322 1977 1.
1353 1925 1784 1979 machabaeorum
1823 1927 2088 1998 legerit*),
2129 1929 2207 1981 vel

328 2016 441 2069 cap.
464 2002 518 2055 7.
539 2001 661 2053 libr.
686 2002 771 2057 12.
799 2002 1061 2069 Antiquit.
1086 2002 1314 2071 losephi.
1387 2005 1499 2055 lmo
1527 2002 1758 2070 prodigio
1787 2006 1956 2057 simile
1983 2004 2200 2070 videtur,

328 2077 467 2145 quod
486 2086 605 2146 post
622 2085 817 2132 tantam
836 2087 1047 2145 tamque
1069 2080 1365 2132 diuturnam
1385 2082 1797 2147 persecutionem
1827 2095 1990 2148 pauca
2009 2080 2097 2132 illa
2119 2097 2204 2133 re-

328 2158 491 2209 tinere
512 2157 800 2223 potuerim
841 2157 904 2208 de
926 2171 1030 2223 quo
1051 2155 1570 2209 neminemdubitare
1589 2160 1799 2224 opinor,
1839 2162 1929 2223 qui
1958 2157 2096 2210 illam
2118 2158 2205 2209 hi·-

324 2232 537 2285 storiam
556 2232 805 2285 mediocri
825 2246 944 2285 cum
964 2235 1242 2286 attentione
1264 2234 1462 2300 legerit.
1538 2235 1623 2287 59.
1645 2235 1843 2288 Causas
1864 2237 2038 2301 itaque
2058 2236 2204 2288 vide-

326 2324 473 2373 mus,
512 2324 605 2361 cur
634 2309 1026 2377 nullibi·plures
1054 2326 1211 2377 quam
1244 2312 1375 2364 duae
1404 2311 1591 2364 dubiae
1631 2312 1874 2364 lectiones
1901 2322 2200 2366 occurrunt.

328 2385 656 2454 Quapropter
674 2388 823 2453 longe
844 2386 1009 2449 abest,
1030 2396 1090 2440 ut
1108 2403 1166 2440 ex
1184 2404 1245 2440 eo
1260 2428 1272 2450 ,
1299 2390 1436 2455 quod
1458 2404 1564 2441 non
1584 2389 1757 2457 plures
1777 2390 1985 2443 duabus
2004 2388 2202 2457 ubique

327 2464 539 2526 dentur,
576 2464 817 2517 concludi
844 2466 1035 2531 possit,
1076 2465 1245 2517 Biblia
1270 2468 1324 2517 in
1355 2467 1480 2519 locis
1517 2468 1706 2519 notatis
1742 2467 1860 2521 data
1897 2482 2047 2535 opera
2084 2483 2206 2536 per-

326 2554 500 2608 peram
522 2541 711 2607 scripta
730 2543 894 2594 fuisse
922 2542 988 2593 ad
1016 2542 1355 2609 significanda
1382 2546 1639 2612 mysteria.
1723 2548 1809 2609 60.
1848 2546 2002 2610 Quod
2029 2555 2200 2599 autem

325 2616 389 2667 ad
421 2618 699 2669 secundam
730 2620 935 2682 attinet,
978 2619 1117 2685 quod
1148 2620 1402 2687 quaedam
1431 2624 1748 2698 reperiantur
1777 2624 1904 2675 adeo
1933 2638 2200 2691 perperam

324 2696 540 2762 scripta,
581 2702 639 2746 ut
656 2696 799 2749 nullo
818 2696 972 2748 modo
996 2696 1229 2749 dubitare
1256 2699 1539 2765 potuerint,
1581 2702 1707 2767 quin
1737 2702 1969 2753 omnium
1999 2709 2200 2765 tempo-

321 2786 438 2823 rum
459 2770 718 2824 scribendi
736 2774 858 2825 usui
878 2782 1248 2842 repugnarent,
1270 2790 1508 2843 quaeque
1529 2776 1658 2829 adeo
1676 2777 1910 2829 absolute
1929 2777 2195 2841 corrigere,

320 2864 424 2901 non
444 2857 616 2901 autem
638 2852 691 2901 in
712 2852 939 2916 margine
958 2859 1133 2903 notare
1154 2852 1456 2919 debuerant,
1497 2869 1584 2905 me
1597 2868 1778 2922 parum
1802 2854 1988 2917 tangit:
2028 2868 2196 2921 neque

320 2927 457 2979 enim
488 2928 620 2979 scire
649 2933 849 2993 teneor,
890 2943 1022 2995 quae
1041 2928 1217 2996 religio
1236 2930 1380 2998 ipsos
1399 2932 1638 2992 moverit,
1673 2935 1735 2981 ut
1749 2928 1801 2981 id
1823 2944 1926 2981 non
1947 2928 2192 2984 facerent.

419 3130 459 3184 *)
494 3128 594 3178 vid.
616 3134 639 3177 t
658 3130 869 3177 Maecab.
890 3144 931 3177 c.
952 3135 989 3177 1.
1011 3145 1054 3179 v.
1072 3134 1140 3176 59.
1159 3134 1228 3178 60.
