2548 3485
1067 157 1203 203 cu.
1256 158 1371 204 vn.
2038 155 2150 212 121

277 336 475 388 mundi.
546 334 690 400 Nam
706 339 909 398 textus,
933 337 1028 401 qui
1046 334 1234 386 docent
1246 334 1492 384 mumdum
1512 349 1620 384 esse
1640 338 1894 397 creatum,
1915 335 2156 402 nonplu-

277 429 365 464 res
381 417 507 464 sunt
520 414 607 476 iis,
633 413 729 479 qui
744 410 932 462 docent
945 411 1119 462 Deum
1136 427 1245 462 esse
1272 425 1582 479 corporeum
1589 431 1611 475 ,·
1647 427 1741 464 nec
1768 411 1946 462 aditus
1971 412 2044 462 ad
2068 427 2154 462 eos

279 489 653 556 eoeplicandum
666 525 679 550 ‚
717 490 815 555 qui
836 491 893 538 in
918 489 1019 540 liae
1045 490 1273 540 materia
1303 487 1366 540 de
1398 487 1582 538 mundi
1605 491 1870 538 creatione
1886 480 2156 555 reperiun-

280 572 394 630 tur,
416 567 567 617 nobis
584 565 861 616 interclusi
874 570 1021 627 sunt,
1045 580 1141 616 nec
1160 568 1322 616 etiam
1339 563 1600 632 impediti,
1619 565 1713 615 sed
1726 566 1866 631 ipsos
1882 565 2154 632 explicare

270 645 652 712 potuissemus,
688 642 1095 707 sicutfeeimus‚
1135 658 1296 708 quum
1317 644 1722 710 corporeitatem
1738 657 1773 692 a
1791 641 1905 692 Deo
1921 645 2154 694 removi-

279 735 395 788 mus
402 740 424 783 ‚·
460 725 515 770 et
522 721 680 786 forte
707 721 805 770 hoe
830 718 995 770 multo
1006 719 1241 784 facilius
1252 721 1422 785 sactu
1439 724 1574 769 esset
1585 758 1600 782 ,
1629 724 1682 769 et
1697 721 1874 784 magis
1891 720 2154 770 commode

272 799 625 864 potuissemus
662 811 751 848 eos
786 796 1056 862 emplieare
1090 801 1145 846 et
1169 797 1354 848 mundi
1379 798 1748 847 aeternitatem
1780 798 2150 858 statuminum,

280 889 437 940 quam
455 889 616 940 quum
633 873 982 940 explicuimus
992 871 1315 938 Scripturas,
1335 877 1400 924 ut
1413 888 1794 926 removeremus
1809 872 1980 924 Deum
2001 874 2155 924 bene-

280 949 479 1000 dictum
496 965 605 1001 esse
624 962 952 1018 corporeum.
1022 949 1100 1000 At
1112 955 1175 1000 ut
1190 953 1289 1002 hoc
1305 951 1660 1016 nonfacerem
1678 955 1731 1000 et
1746 965 1811 1000 ne
1829 951 1925 1000 lioe
1943 950 2156 1002 credam

278 1027 553 1092 (mundum
576 1027 769 1081 scilicet
787 1041 901 1080 esse
922 1029 1225 1090 aeternum),
1244 1027 1380 1078 duae
1399 1042 1590 1078 causae
1601 1042 1684 1078 me
1696 1032 1930 1078 movent.-
1947 1028 2152 1090 Prima,

278 1105 407 1169 quia
442 1102 591 1155 clara
628 1104 1067 1155 demonstratione
1096 1109 1329 1164 constat,
1361 1103 1532 1155 Deum
1557 1119 1662 1156 non
1689 1121 1798 1155 esse
1825 1119 2152 1172 corporeum,

280 1185 334 1229 et
348 1195 557 1248 necesse
571 1186 676 1244 est,
709 1183 884 1232 omnia
902 1181 999 1230 illa
1018 1180 1136 1232 loca
1155 1180 1450 1246 eaplicare,
1487 1196 1710 1246 quorum
1737 1180 1963 1232 literalis
1977 1197 2156 1232 sensus

278 1220 716 1308 demonstrationi
731 1261 1026 1325 repugnat5
1062 1272 1185 1307 nam
1202 1261 1404 1307 certum
1423 1262 1518 1318 est,
1541 1273 1606 1308 ea
1621 1261 1914 1309 necessario
1933 1263 2044 1309 tum
2063 1275 2156 1309 ex-

205 1333 617 1400 plicationem
632 1334 809 1396 (aliam
829 1341 1029 1400 praeter
1046 1331 1318 1398 literalem)
1332 1335 1542 1384 habere.
1581 1333 1656 1386 At
1669 1334 1852 1385 mundi
1869 1329 2158 1386 aeternitas

277 1409 428 1462 nulla
446 1409 888 1463 demonstratione
906 1410 1226 1473 ostenditur;
1247 1409 1481 1478 adeoque
1497 1426 1602 1462 non
1617 1416 1706 1461 est
1704 1427 1911 1462 necesse
1918 1410 2157 1478 Scriptu-

276 1489 357 1538 ris
381 1489 489 1537 vim
498 1488 694 1552 facere
724 1503 915 1554 easque
944 1489 1214 1571 explicare
1236 1495 1458 1556 propter
1475 1493 1812 1555 apparentem
1839 1491 2153 1555 opinionem,
2193 1501 2202 1509 ·

280 1563 353 1613 ad
367 1566 520 1614 euius
538 1567 861 1616 contrariam
878 1549 1136 1617 inclinare
1155 1565 1338 1630 aliqua
1355 1565 1606 1616 suadente
1633 1567 1842 1616 ratione
1860 1581 2149 1632 possemus.

278 1639 521 1691 Secunda
547 1655 741 1703 causa,
780 1644 910 1707 quia
934 1642 1175 1706 eredere,
1214 1641 1386 1692 Deum
1405 1657 1514 1693 esse
1531 1645 1924 1709 incorporeum,
1945 1641 2154 1706 ⁴lunda-

278 1716 597 1769 mentalibus
617 1718 753 1785 legis
770 1733 875 1777 non
888 1723 1157 1787 repugnat
1172 1725 1274 1770 etc.
1334 1717 1442 1770 Sed
1455 1719 1640 1771 mundi
1655 1721 2022 1771 aeternitatem
2040 1735 2158 1770 cre-

280 1794 419 1858 dere,
441 1810 503 1846 eo
521 1796 693 1861 modo,
715 1811 819 1863 quo
828 1795 1107 1848 Aristoteli
1122 1798 1436 1863 visumfuit‚
1460 1797 1628 1862 legem
1647 1814 1680 1847 a
1697 1796 2154 1862 suofundamento

280 1871 506 1922 destruit
532 1875 633 1923 ete.
705 1870 793 1923 77.
830 1874 973 1926 Haec
1000 1881 1123 1925 sunt
1150 1872 1302 1925 verbs
1333 1873 1705 1937 Maimonidae‚
1737 1889 1795 1925 ex
1832 1872 2028 1939 quibus
2055 1874 2154 1927 evi·-

280 1946 459 1999 denter
477 1950 713 2015 sequitur
728 1948 801 2012 id,
842 1950 981 2015 quod
1000 1950 1155 2001 modo
1173 1951 1421 2011 diximus;
1463 1951 1506 2001 si
1529 1952 1666 2002 enim
1697 1951 1797 2016 ipsi
1821 1957 2076 2003 constaret
2094 1966 2153 2003 ex

278 2026 471 2076 ratione
485 2024 738 2077 mundum
757 2040 871 2077 esse
886 2034 1169 2087 aeternum,
1185 2042 1287 2078 non
1311 2025 1891 2093 dubitaretscripturem
1911 2033 2151 2093 torquere

278 2108 328 2153 et
355 2101 626 2167 explicare,
668 2110 727 2153 ut
763 2104 969 2155 tandem
997 2102 1094 2155 hoc
1118 2103 1257 2155 idem
1286 2106 1456 2170 ipsum
1479 2104 1658 2155 docere
1694 2103 1968 2155 videretur.
2038 2106 2150 2156 Imo

279 2180 455 2230 statim
476 2186 647 2230 certus
667 2188 803 2231 esset
819 2218 833 2243 ,
867 2181 1183 2246 Scripturam
1201 2220 1215 2244 ‚
1249 2194 1563 2246 quamquam
1583 2179 1778 2247 ubique
1797 2187 1969 2247 aperte
1988 2178 2150 2232 recla—

278 2263 531 2317 mantem,
572 2255 703 2308 henc
732 2264 901 2309 tamen
930 2258 1112 2309 mundi
1132 2258 1480 2309 aeternitatem
1502 2256 1683 2309 docere
1703 2256 1956 2317 voluisse3
1995 2256 2154 2309 adeo-

282 2347 385 2398 que
404 2332 467 2384 de
487 2347 603 2384 vero
620 2347 783 2385 sensu
804 2334 1119 2400 scripturae,
1155 2334 1483 2400 quantumvis
1505 2333 1641 2386 claro
1656 2373 1671 2396 ,
1709 2349 1814 2385 non
1833 2334 2019 2401 poterit
2036 2348 2152 2387 esse

280 2418 475 2471 certu5‚
496 2406 673 2476 'quam
699 2410 791 2461 diu
821 2410 884 2462 de
910 2411 983 2461 rei
1016 2412 1222 2463 veritate
1251 2410 1486 2462 dubitare
1515 2412 1723 2478 poterit,
1764 2418 1852 2463 eut
1879 2425 2034 2477 quem
2062 2412 2153 2464 diu

282 2484 345 2537 de
374 2485 553 2555 eedem
581 2486 683 2552 ipsi
709 2502 813 2539 non
842 2494 1060 2539 constet.
1132 2490 1264 2540 Nem
1294 2502 1450 2553 quam
1479 2488 1566 2539 diu
1594 2487 1661 2539 de
1694 2488 1766 2539 rei
1804 2489 2011 2540 veritate
2049 2504 2152 2542 non

280 2569 479 2614 constat
496 2602 510 2626 ‚
532 2567 636 2615 tam
655 2564 745 2615 diu
764 2564 1027 2615 nescimus
1040 2602 1055 2627 ,
1094 2579 1158 2615 an
1178 2578 1260 2617 res
1281 2578 1400 2616 cum
1419 2566 1612 2617 ratione
1630 2565 1921 2627 conveniat,
1952 2579 2018 2617 an
2035 2581 2152 2618 vero

280 2639 448 2691 eidem
470 2648 739 2707 repugnet;
781 2648 831 2692 et
849 2647 1223 2705 consequenter
1240 2643 1514 2693 etiamtum
1535 2642 1626 2695 diu
1645 2644 1926 2707 nescimus»,
1947 2658 2011 2694 an
2031 2644 2152 2694 lite-

279 2716 401 2768 ralis
428 2731 616 2771 sensus
642 2732 795 2770 verus
821 2718 893 2787 sit
918 2732 987 2768 an
1013 2715 1195 2769 falsus.
1269 2716 1356 2770 78.
1395 2718 1780 2789 Quaequidem
1816 2721 2070 2773 sententia
2105 2721 2151 2771 si

278 2808 398 2847 vera
418 2790 597 2857 esset‚'
622 2792 857 2847 absolute
876 2793 1234 2856 concederem,
1277 2808 1372 2846 nos
1393 2796 1492 2847 aiio
1513 2804 1709 2861 praeter
1725 2798 1900 2847 lumen
1921 2795 2150 2849 naturale

277 2870 509 2937 indigere
536 2871 601 2922 ad
630 2871 943 2938 scripturam
971 2871 1424 2938 interpretandam.
1496 2874 1628 2925 Nem
1658 2872 1762 2925 fere
1781 2873 1979 2933 omnia,
2019 2886 2151 2937 quae

278 2948 330 2998 in
360 2948 638 3014 Scriptnris
663 2949 1015 3014 reperiuntur,
1057 2948 1245 3002 deduci¹
1274 2944 1542 3018 nequeunt
1570 2964 1628 3001 ex
1655 2949 1918 3015 principiis
1955 2948 2150 3001 iumine

279 3022 499 3075 naturali
528 3026 663 3076 notis
696 3024 783 3091 (ut
806 3027 908 3077 iam
944 3024 1323 3092 ostendimus),
1361 3027 1592 3091 adeoque
1629 3024 1692 3075 de
1728 3038 1906 3074 eorum
1943 3027 2148 3077 veritate

280 3114 340 3151 ex
358 3102 404 3153 vi
420 3101 633 3155 luminis
653 3101 898 3155 naturalis
919 3102 1046 3155 nihil
1063 3101 1215 3155 nobi-s
1234 3109 1470 3154 constare
1485 3107 1672 3169 potest,
1711 3107 1761 3151 et
1777 3108 2148 3167 consequenter
