<?xml version="1.0" encoding="UTF-8"?>
<!DOCTYPE html PUBLIC "-//W3C//DTD XHTML 1.0 Transitional//EN"
    "http://www.w3.org/TR/xhtml1/DTD/xhtml1-transitional.dtd">
<html xmlns="http://www.w3.org/1999/xhtml" xml:lang="en" lang="en">
 <head>
  <title>
</title>
<meta http-equiv="Content-Type" content="text/html;charset=utf-8" />
  <meta name='ocr-system' content='tesseract 3.04.00' />
  <meta name='ocr-capabilities' content='ocr_page ocr_carea ocr_par ocr_line ocrx_word'/>
</head>
<body>
  <div class='ocr_page' id='page_1' title='image "benedictidespin05brudgoog_0192.png"; bbox 0 0 2548 3485; ppageno 0'>
   <div class='ocr_carea' id='block_1_1' title="bbox 350 127 1830 190">
    <p class='ocr_par' dir='ltr' id='par_1_1' title="bbox 350 127 1830 190">
     <span class='ocr_line' id='line_1_1' title="bbox 350 127 1830 190; baseline 0.001 -12"><span class='ocrx_word' id='word_1_1' title='bbox 350 127 471 190; x_wconf 68' lang='lat'><strong>168</strong></span> <span class='ocrx_word' id='word_1_2' title='bbox 746 129 1139 178; x_wconf 71' lang='lat' dir='ltr'><strong>TMcTATUS</strong></span> <span class='ocrx_word' id='word_1_3' title='bbox 1178 129 1830 180; x_wconf 60' lang='lat' dir='ltr'><strong>zusammen-pour.</strong></span> 
     </span>
    </p>
   </div>
   <div class='ocr_carea' id='block_1_2' title="bbox 337 307 2226 1071">
    <p class='ocr_par' dir='ltr' id='par_1_2' title="bbox 337 307 2226 1071">
     <span class='ocr_line' id='line_1_2' title="bbox 344 307 2224 376; baseline 0.001 -15"><span class='ocrx_word' id='word_1_4' title='bbox 344 310 421 362; x_wconf 82' lang='lat' dir='ltr'><strong>vel</strong></span> <span class='ocrx_word' id='word_1_5' title='bbox 456 308 757 363; x_wconf 71' lang='lat' dir='ltr'><strong>mandatum</strong></span> <span class='ocrx_word' id='word_1_6' title='bbox 786 308 975 362; x_wconf 84' lang='lat' dir='ltr'><strong>habere</strong></span> <span class='ocrx_word' id='word_1_7' title='bbox 1000 308 1079 360; x_wconf 79' lang='lat' dir='ltr'><strong>vel</strong></span> <span class='ocrx_word' id='word_1_8' title='bbox 1105 323 1213 360; x_wconf 83' lang='lat' dir='ltr'><strong>non</strong></span> <span class='ocrx_word' id='word_1_9' title='bbox 1242 307 1460 371; x_wconf 80' lang='lat' dir='ltr'><strong>habere,</strong></span> <span class='ocrx_word' id='word_1_10' title='bbox 1497 323 1604 360; x_wconf 87' lang='lat' dir='ltr'><strong>non</strong></span> <span class='ocrx_word' id='word_1_11' title='bbox 1627 309 1870 376; x_wconf 74' lang='lat' dir='ltr'><strong>intelligit</strong></span> <span class='ocrx_word' id='word_1_12' title='bbox 1895 315 2224 376; x_wconf 75' lang='lat' dir='ltr'><strong>praeceptum</strong></span> 
     </span>
     <span class='ocr_line' id='line_1_3' title="bbox 340 384 2220 449; baseline -0.001 -9"><span class='ocrx_word' id='word_1_13' title='bbox 340 386 419 440; x_wconf 81' lang='lat' dir='ltr'><strong>vel</strong></span> <span class='ocrx_word' id='word_1_14' title='bbox 457 386 759 441; x_wconf 83' lang='lat' dir='ltr'><strong>mandatum</strong></span> <span class='ocrx_word' id='word_1_15' title='bbox 796 384 898 438; x_wconf 84' lang='lat' dir='ltr'><strong>sibi</strong></span> <span class='ocrx_word' id='word_1_16' title='bbox 923 401 951 439; x_wconf 82' lang='lat' dir='ltr'><strong>a</strong></span> <span class='ocrx_word' id='word_1_17' title='bbox 978 387 1085 438; x_wconf 85' lang='lat' dir='ltr'><strong>Deo</strong></span> <span class='ocrx_word' id='word_1_18' title='bbox 1115 387 1430 449; x_wconf 76' lang='lat' dir='ltr'><strong>revelatum,</strong></span> <span class='ocrx_word' id='word_1_19' title='bbox 1469 387 1564 439; x_wconf 86' lang='lat' dir='ltr'><strong>sed</strong></span> <span class='ocrx_word' id='word_1_20' title='bbox 1600 393 1798 439; x_wconf 83' lang='lat' dir='ltr'><strong>tantum</strong></span> <span class='ocrx_word' id='word_1_21' title='bbox 1827 385 2016 438; x_wconf 79' lang='lat' dir='ltr'><strong>Christi</strong></span> <span class='ocrx_word' id='word_1_22' title='bbox 2052 386 2220 438; x_wconf 83' lang='lat' dir='ltr'><strong>docu-</strong></span> 
     </span>
     <span class='ocr_line' id='line_1_4' title="bbox 340 462 2223 530; baseline 0.001 -16"><span class='ocrx_word' id='word_1_23' title='bbox 340 471 531 526; x_wconf 82' lang='lat' dir='ltr'><strong>menta,</strong></span> <span class='ocrx_word' id='word_1_24' title='bbox 570 479 703 530; x_wconf 79' lang='lat' dir='ltr'><strong>quae</strong></span> <span class='ocrx_word' id='word_1_25' title='bbox 724 462 1011 530; x_wconf 79' lang='lat' dir='ltr'><strong>discipulos</strong></span> <span class='ocrx_word' id='word_1_26' title='bbox 1029 466 1085 517; x_wconf 89' lang='lat' dir='ltr'><strong>in</strong></span> <span class='ocrx_word' id='word_1_27' title='bbox 1106 471 1279 516; x_wconf 86' lang='lat' dir='ltr'><strong>monte</strong></span> <span class='ocrx_word' id='word_1_28' title='bbox 1303 464 1491 515; x_wconf 88' lang='lat' dir='ltr'><strong>docuit.</strong></span> <span class='ocrx_word' id='word_1_29' title='bbox 1565 465 1618 515; x_wconf 80' lang='lat'><strong>4.</strong></span> <span class='ocrx_word' id='word_1_30' title='bbox 1653 465 1920 516; x_wconf 73' lang='lat' dir='ltr'><strong>Praeterea</strong></span> <span class='ocrx_word' id='word_1_31' title='bbox 1947 464 1996 515; x_wconf 88' lang='lat' dir='ltr'><strong>si</strong></span> <span class='ocrx_word' id='word_1_32' title='bbox 2023 463 2088 515; x_wconf 75' lang='lat' dir='ltr'><strong>ad</strong></span> <span class='ocrx_word' id='word_1_33' title='bbox 2109 478 2223 515; x_wconf 83' lang='lat' dir='ltr'><strong>mo-</strong></span> 
     </span>
     <span class='ocr_line' id='line_1_5' title="bbox 340 540 2223 607; baseline -0.001 -14"><span class='ocrx_word' id='word_1_34' title='bbox 340 541 467 596; x_wconf 81' lang='lat' dir='ltr'><strong>dum</strong></span> <span class='ocrx_word' id='word_1_35' title='bbox 494 543 647 595; x_wconf 86' lang='lat' dir='ltr'><strong>etiam</strong></span> <span class='ocrx_word' id='word_1_36' title='bbox 676 541 1033 602; x_wconf 84' lang='lat' dir='ltr'><strong>attendamus,</strong></span> <span class='ocrx_word' id='word_1_37' title='bbox 1072 556 1179 607; x_wconf 89' lang='lat' dir='ltr'><strong>quo</strong></span> <span class='ocrx_word' id='word_1_38' title='bbox 1206 543 1261 592; x_wconf 90' lang='lat' dir='ltr'><strong>in</strong></span> <span class='ocrx_word' id='word_1_39' title='bbox 1289 541 1372 592; x_wconf 83' lang='lat' dir='ltr'><strong>his</strong></span> <span class='ocrx_word' id='word_1_40' title='bbox 1409 540 1644 606; x_wconf 78' lang='lat' dir='ltr'><strong>epistolis</strong></span> <span class='ocrx_word' id='word_1_41' title='bbox 1678 541 1902 606; x_wconf 80' lang='lat' dir='ltr'><strong>apostoli</strong></span> <span class='ocrx_word' id='word_1_42' title='bbox 1935 541 2223 592; x_wconf 83' lang='lat' dir='ltr'><strong>doctrinam</strong></span> 
     </span>
     <span class='ocr_line' id='line_1_6' title="bbox 338 617 2226 686; baseline 0.001 -18"><span class='ocrx_word' id='word_1_43' title='bbox 338 618 680 684; x_wconf 73' lang='lat' dir='ltr'><strong>evangelicum</strong></span> <span class='ocrx_word' id='word_1_44' title='bbox 700 617 937 682; x_wconf 84' lang='lat' dir='ltr'><strong>tradunt,</strong></span> <span class='ocrx_word' id='word_1_45' title='bbox 962 633 1083 670; x_wconf 90' lang='lat' dir='ltr'><strong>eum</strong></span> <span class='ocrx_word' id='word_1_46' title='bbox 1103 621 1258 672; x_wconf 84' lang='lat' dir='ltr'><strong>etiam</strong></span> <span class='ocrx_word' id='word_1_47' title='bbox 1281 634 1308 670; x_wconf 83' lang='lat' dir='ltr'><strong>a</strong></span> <span class='ocrx_word' id='word_1_48' title='bbox 1331 618 1484 669; x_wconf 86' lang='lat' dir='ltr'><strong>modo</strong></span> <span class='ocrx_word' id='word_1_49' title='bbox 1505 618 1867 686; x_wconf 77' lang='lat' dir='ltr'><strong>prophetarum</strong></span> <span class='ocrx_word' id='word_1_50' title='bbox 1886 619 2032 670; x_wconf 81' lang='lat' dir='ltr'><strong>valde</strong></span> <span class='ocrx_word' id='word_1_51' title='bbox 2049 617 2226 670; x_wconf 82' lang='lat' dir='ltr'><strong>disce-</strong></span> 
     </span>
     <span class='ocr_line' id='line_1_7' title="bbox 338 694 2226 762; baseline -0.001 -14"><span class='ocrx_word' id='word_1_52' title='bbox 338 695 463 748; x_wconf 87' lang='lat' dir='ltr'><strong>dere</strong></span> <span class='ocrx_word' id='word_1_53' title='bbox 490 694 801 748; x_wconf 82' lang='lat' dir='ltr'><strong>videbimus.</strong></span> <span class='ocrx_word' id='word_1_54' title='bbox 872 694 1117 761; x_wconf 76' lang='lat' dir='ltr'><strong>Apostoli</strong></span> <span class='ocrx_word' id='word_1_55' title='bbox 1146 710 1372 762; x_wconf 85' lang='lat' dir='ltr'><strong>namque</strong></span> <span class='ocrx_word' id='word_1_56' title='bbox 1400 695 1596 761; x_wconf 82' lang='lat' dir='ltr'><strong>ubique</strong></span> <span class='ocrx_word' id='word_1_57' title='bbox 1626 696 2020 758; x_wconf 62' lang='lat' dir='ltr'><strong>ratiocinantur,</strong></span> <span class='ocrx_word' id='word_1_58' title='bbox 2060 696 2130 747; x_wconf 86' lang='lat' dir='ltr'><strong>ita</strong></span> <span class='ocrx_word' id='word_1_59' title='bbox 2166 702 2226 751; x_wconf 84' lang='lat' dir='ltr'><strong>ut</strong></span> 
     </span>
     <span class='ocr_line' id='line_1_8' title="bbox 338 771 2224 839; baseline -0.002 -12"><span class='ocrx_word' id='word_1_60' title='bbox 338 786 443 827; x_wconf 84' lang='lat' dir='ltr'><strong>non</strong></span> <span class='ocrx_word' id='word_1_61' title='bbox 464 771 767 839; x_wconf 83' lang='lat' dir='ltr'><strong>prophetare</strong></span> <span class='ocrx_word' id='word_1_62' title='bbox 782 811 794 833; x_wconf 88' lang='lat'><strong>,</strong></span> <span class='ocrx_word' id='word_1_63' title='bbox 834 772 928 823; x_wconf 89' lang='lat' dir='ltr'><strong>sed</strong></span> <span class='ocrx_word' id='word_1_64' title='bbox 948 773 1211 838; x_wconf 75' lang='lat' dir='ltr'><strong>disputare</strong></span> <span class='ocrx_word' id='word_1_65' title='bbox 1230 773 1516 827; x_wconf 84' lang='lat' dir='ltr'><strong>videantur.</strong></span> <span class='ocrx_word' id='word_1_66' title='bbox 1589 771 1894 838; x_wconf 80' lang='lat' dir='ltr'><strong>Prophetiae</strong></span> <span class='ocrx_word' id='word_1_67' title='bbox 1914 787 2030 824; x_wconf 88' lang='lat' dir='ltr'><strong>vero</strong></span> <span class='ocrx_word' id='word_1_68' title='bbox 2048 781 2224 824; x_wconf 86' lang='lat' dir='ltr'><strong>contra</strong></span> 
     </span>
     <span class='ocr_line' id='line_1_9' title="bbox 337 848 2222 916; baseline 0.001 -16"><span class='ocrx_word' id='word_1_69' title='bbox 337 863 476 901; x_wconf 85' lang='lat' dir='ltr'><strong>mera</strong></span> <span class='ocrx_word' id='word_1_70' title='bbox 496 854 697 901; x_wconf 83' lang='lat' dir='ltr'><strong>tantum</strong></span> <span class='ocrx_word' id='word_1_71' title='bbox 720 848 957 914; x_wconf 79' lang='lat' dir='ltr'><strong>dogmata</strong></span> <span class='ocrx_word' id='word_1_72' title='bbox 976 857 1027 900; x_wconf 90' lang='lat' dir='ltr'><strong>et</strong></span> <span class='ocrx_word' id='word_1_73' title='bbox 1046 850 1251 902; x_wconf 85' lang='lat' dir='ltr'><strong>decreta</strong></span> <span class='ocrx_word' id='word_1_74' title='bbox 1268 851 1562 912; x_wconf 84' lang='lat' dir='ltr'><strong>continent,</strong></span> <span class='ocrx_word' id='word_1_75' title='bbox 1603 850 1726 916; x_wconf 80' lang='lat' dir='ltr'><strong>quia</strong></span> <span class='ocrx_word' id='word_1_76' title='bbox 1747 850 1800 900; x_wconf 84' lang='lat' dir='ltr'><strong>in</strong></span> <span class='ocrx_word' id='word_1_77' title='bbox 1822 851 1892 902; x_wconf 87' lang='lat' dir='ltr'><strong>iis</strong></span> <span class='ocrx_word' id='word_1_78' title='bbox 1908 852 2050 902; x_wconf 82' lang='lat' dir='ltr'><strong>Dens</strong></span> <span class='ocrx_word' id='word_1_79' title='bbox 2071 853 2222 916; x_wconf 81' lang='lat' dir='ltr'><strong>quasi</strong></span> 
     </span>
     <span class='ocr_line' id='line_1_10' title="bbox 339 924 2223 992; baseline 0.002 -16"><span class='ocrx_word' id='word_1_80' title='bbox 339 926 557 991; x_wconf 77' lang='lat' dir='ltr'><strong>loquens</strong></span> <span class='ocrx_word' id='word_1_81' title='bbox 576 924 945 987; x_wconf 75' lang='lat' dir='ltr'><strong>introducitur,</strong></span> <span class='ocrx_word' id='word_1_82' title='bbox 983 928 1072 992; x_wconf 85' lang='lat' dir='ltr'><strong>qui</strong></span> <span class='ocrx_word' id='word_1_83' title='bbox 1104 941 1207 978; x_wconf 89' lang='lat' dir='ltr'><strong>non</strong></span> <span class='ocrx_word' id='word_1_84' title='bbox 1240 927 1596 986; x_wconf 80' lang='lat' dir='ltr'><strong>ratiocinatur,</strong></span> <span class='ocrx_word' id='word_1_85' title='bbox 1627 926 1720 977; x_wconf 87' lang='lat' dir='ltr'><strong>sed</strong></span> <span class='ocrx_word' id='word_1_86' title='bbox 1751 941 1811 978; x_wconf 86' lang='lat' dir='ltr'><strong>ex</strong></span> <span class='ocrx_word' id='word_1_87' title='bbox 1840 927 2078 979; x_wconf 81' lang='lat' dir='ltr'><strong>absoluto</strong></span> <span class='ocrx_word' id='word_1_88' title='bbox 2096 938 2223 980; x_wconf 78' lang='lat' dir='ltr'><strong>suae</strong></span> 
     </span>
     <span class='ocr_line' id='line_1_11' title="bbox 340 1002 2224 1071; baseline 0.001 -18"><span class='ocrx_word' id='word_1_89' title='bbox 340 1009 551 1062; x_wconf 77' lang='lat' dir='ltr'><strong>naturae</strong></span> <span class='ocrx_word' id='word_1_90' title='bbox 569 1003 787 1068; x_wconf 87' lang='lat' dir='ltr'><strong>imperio</strong></span> <span class='ocrx_word' id='word_1_91' title='bbox 811 1003 1065 1065; x_wconf 85' lang='lat' dir='ltr'><strong>decernit;</strong></span> <span class='ocrx_word' id='word_1_92' title='bbox 1088 1011 1139 1055; x_wconf 88' lang='lat' dir='ltr'><strong>et</strong></span> <span class='ocrx_word' id='word_1_93' title='bbox 1158 1005 1314 1055; x_wconf 87' lang='lat' dir='ltr'><strong>etiam</strong></span> <span class='ocrx_word' id='word_1_94' title='bbox 1334 1004 1454 1069; x_wconf 86' lang='lat' dir='ltr'><strong>quia</strong></span> <span class='ocrx_word' id='word_1_95' title='bbox 1473 1002 1754 1071; x_wconf 79' lang='lat' dir='ltr'><strong>prophetae</strong></span> <span class='ocrx_word' id='word_1_96' title='bbox 1773 1005 2050 1058; x_wconf 75' lang='lat' dir='ltr'><strong>auctoritas</strong></span> <span class='ocrx_word' id='word_1_97' title='bbox 2069 1006 2224 1056; x_wconf 79' lang='lat' dir='ltr'><strong>ratio-</strong></span> 
     </span>
    </p>
   </div>
   <div class='ocr_carea' id='block_1_3' title="bbox 338 1079 2316 1148">
    <p class='ocr_par' dir='ltr' id='par_1_3' title="bbox 338 1079 2316 1148">
     <span class='ocr_line' id='line_1_12' title="bbox 338 1079 2316 1148; baseline -0.001 -14"><span class='ocrx_word' id='word_1_98' title='bbox 338 1081 493 1134; x_wconf 73' lang='lat' dir='ltr'><strong>cinari</strong></span> <span class='ocrx_word' id='word_1_99' title='bbox 510 1094 615 1134; x_wconf 89' lang='lat' dir='ltr'><strong>non</strong></span> <span class='ocrx_word' id='word_1_100' title='bbox 635 1081 853 1146; x_wconf 59' lang='lat' dir='ltr'><strong>petitum</strong></span> <span class='ocrx_word' id='word_1_101' title='bbox 896 1081 1137 1148; x_wconf 84' lang='lat' dir='ltr'><strong>quisquis</strong></span> <span class='ocrx_word' id='word_1_102' title='bbox 1156 1081 1296 1132; x_wconf 90' lang='lat' dir='ltr'><strong>enim</strong></span> <span class='ocrx_word' id='word_1_103' title='bbox 1316 1081 1426 1134; x_wconf 87' lang='lat' dir='ltr'><strong>vult</strong></span> <span class='ocrx_word' id='word_1_104' title='bbox 1443 1094 1536 1132; x_wconf 81' lang='lat' dir='ltr'><strong>sua</strong></span> <span class='ocrx_word' id='word_1_105' title='bbox 1556 1079 1796 1146; x_wconf 75' lang='lat' dir='ltr'><strong>dogmata</strong></span> <span class='ocrx_word' id='word_1_106' title='bbox 1817 1083 2012 1133; x_wconf 87' lang='lat' dir='ltr'><strong>ratione</strong></span> <span class='ocrx_word' id='word_1_107' title='bbox 2031 1081 2223 1134; x_wconf 81' lang='lat' dir='ltr'><strong>confir·-</strong></span> <span class='ocrx_word' id='word_1_108' title='bbox 2290 1108 2316 1126; x_wconf 64' lang='lat' dir='ltr'><strong>r</strong></span> 
     </span>
    </p>
   </div>
   <div class='ocr_carea' id='block_1_4' title="bbox 336 1156 2225 1764">
    <p class='ocr_par' dir='ltr' id='par_1_4' title="bbox 336 1156 2225 1764">
     <span class='ocr_line' id='line_1_13' title="bbox 336 1156 2222 1226; baseline 0.001 -18"><span class='ocrx_word' id='word_1_109' title='bbox 336 1171 504 1222; x_wconf 78' lang='lat' dir='ltr'><strong>mare,</strong></span> <span class='ocrx_word' id='word_1_110' title='bbox 542 1171 606 1209; x_wconf 85' lang='lat' dir='ltr'><strong>eo</strong></span> <span class='ocrx_word' id='word_1_111' title='bbox 632 1157 749 1224; x_wconf 85' lang='lat' dir='ltr'><strong>ipso</strong></span> <span class='ocrx_word' id='word_1_112' title='bbox 776 1172 835 1209; x_wconf 80' lang='lat' dir='ltr'><strong>ea</strong></span> <span class='ocrx_word' id='word_1_113' title='bbox 863 1156 1091 1209; x_wconf 82' lang='lat' dir='ltr'><strong>arbitrali</strong></span> <span class='ocrx_word' id='word_1_114' title='bbox 1120 1159 1540 1224; x_wconf 85' lang='lat' dir='ltr'><strong>uniuscuiusque</strong></span> <span class='ocrx_word' id='word_1_115' title='bbox 1555 1157 1752 1209; x_wconf 86' lang='lat' dir='ltr'><strong>iudicio</strong></span> <span class='ocrx_word' id='word_1_116' title='bbox 1771 1158 2034 1210; x_wconf 78' lang='lat' dir='ltr'><strong>submittit</strong></span> <span class='ocrx_word' id='word_1_117' title='bbox 2049 1158 2222 1226; x_wconf 74' lang='lat' dir='ltr'><strong>(quod</strong></span> 
     </span>
     <span class='ocr_line' id='line_1_14' title="bbox 338 1233 2224 1302; baseline 0.002 -16"><span class='ocrx_word' id='word_1_118' title='bbox 338 1235 491 1288; x_wconf 81' lang='lat' dir='ltr'><strong>etiem</strong></span> <span class='ocrx_word' id='word_1_119' title='bbox 518 1233 714 1289; x_wconf 84' lang='lat' dir='ltr'><strong>Paulus</strong></span> <span class='ocrx_word' id='word_1_120' title='bbox 744 1235 864 1300; x_wconf 84' lang='lat' dir='ltr'><strong>quia</strong></span> <span class='ocrx_word' id='word_1_121' title='bbox 893 1235 1247 1297; x_wconf 74' lang='lat' dir='ltr'><strong>ratiocinatur,</strong></span> <span class='ocrx_word' id='word_1_122' title='bbox 1289 1235 1475 1288; x_wconf 80' lang='lat' dir='ltr'><strong>fecisse</strong></span> <span class='ocrx_word' id='word_1_123' title='bbox 1503 1233 1729 1297; x_wconf 82' lang='lat' dir='ltr'><strong>videtur,</strong></span> <span class='ocrx_word' id='word_1_124' title='bbox 1771 1236 1864 1300; x_wconf 86' lang='lat' dir='ltr'><strong>qui</strong></span> <span class='ocrx_word' id='word_1_125' title='bbox 1893 1237 1946 1287; x_wconf 88' lang='lat' dir='ltr'><strong>in</strong></span> <span class='ocrx_word' id='word_1_126' title='bbox 1974 1238 2126 1302; x_wconf 81' lang='lat' dir='ltr'><strong>epist.</strong></span> <span class='ocrx_word' id='word_1_127' title='bbox 2157 1237 2224 1291; x_wconf 81' lang='lat' dir='ltr'><strong>ad</strong></span> 
     </span>
     <span class='ocr_line' id='line_1_15' title="bbox 340 1311 2220 1380; baseline 0 -16"><span class='ocrx_word' id='word_1_128' title='bbox 340 1311 573 1365; x_wconf 79' lang='lat' dir='ltr'><strong>Corinth.</strong></span> <span class='ocrx_word' id='word_1_129' title='bbox 596 1311 645 1363; x_wconf 90' lang='lat'><strong>1.</strong></span> <span class='ocrx_word' id='word_1_130' title='bbox 668 1324 783 1379; x_wconf 86' lang='lat' dir='ltr'><strong>cap.</strong></span> <span class='ocrx_word' id='word_1_131' title='bbox 807 1312 889 1364; x_wconf 83' lang='lat'><strong>1⁰.</strong></span> <span class='ocrx_word' id='word_1_132' title='bbox 910 1325 1045 1364; x_wconf 87' lang='lat' dir='ltr'><strong>vers.</strong></span> <span class='ocrx_word' id='word_1_133' title='bbox 1072 1314 1156 1364; x_wconf 86' lang='lat'><strong>15.</strong></span> <span class='ocrx_word' id='word_1_134' title='bbox 1178 1313 1249 1364; x_wconf 86' lang='lat' dir='ltr'><strong>ait</strong></span> <span class='ocrx_word' id='word_1_135' title='bbox 1265 1314 1338 1372; x_wconf 88' lang='lat'><strong>¹):</strong></span> <span class='ocrx_word' id='word_1_136' title='bbox 1379 1317 1632 1380; x_wconf 78' lang='lat' dir='ltr'><strong>tanquam</strong></span> <span class='ocrx_word' id='word_1_137' title='bbox 1658 1314 1986 1378; x_wconf 73' lang='lat' dir='ltr'><strong>sapientibus</strong></span> <span class='ocrx_word' id='word_1_138' title='bbox 2012 1313 2220 1380; x_wconf 75' lang='lat' dir='ltr'><strong>loquor,</strong></span> 
     </span>
     <span class='ocr_line' id='line_1_16' title="bbox 336 1388 2223 1456; baseline 0.002 -18"><span class='ocrx_word' id='word_1_139' title='bbox 336 1389 573 1440; x_wconf 76' lang='lat' dir='ltr'><strong>iudicate</strong></span> <span class='ocrx_word' id='word_1_140' title='bbox 593 1405 685 1440; x_wconf 75' lang='lat' dir='ltr'><strong>voe</strong></span> <span class='ocrx_word' id='word_1_141' title='bbox 704 1388 762 1439; x_wconf 76' lang='lat' dir='ltr'><strong>id</strong></span> <span class='ocrx_word' id='word_1_142' title='bbox 774 1389 921 1454; x_wconf 80' lang='lat' dir='ltr'><strong>quod</strong></span> <span class='ocrx_word' id='word_1_143' title='bbox 933 1389 1078 1450; x_wconf 83' lang='lat' dir='ltr'><strong>dieo)</strong></span> <span class='ocrx_word' id='word_1_144' title='bbox 1090 1409 1111 1452; x_wconf 89' lang='grc'><strong>,·</strong></span> <span class='ocrx_word' id='word_1_145' title='bbox 1150 1397 1201 1441; x_wconf 83' lang='lat' dir='ltr'><strong>et</strong></span> <span class='ocrx_word' id='word_1_146' title='bbox 1228 1391 1454 1456; x_wconf 82' lang='lat' dir='ltr'><strong>denique</strong></span> <span class='ocrx_word' id='word_1_147' title='bbox 1475 1389 1597 1454; x_wconf 79' lang='lat' dir='ltr'><strong>quie</strong></span> <span class='ocrx_word' id='word_1_148' title='bbox 1621 1388 1902 1455; x_wconf 81' lang='lat' dir='ltr'><strong>prophetae</strong></span> <span class='ocrx_word' id='word_1_149' title='bbox 1921 1405 2004 1440; x_wconf 91' lang='lat' dir='ltr'><strong>res</strong></span> <span class='ocrx_word' id='word_1_150' title='bbox 2025 1391 2223 1443; x_wconf 82' lang='lat' dir='ltr'><strong>revela-</strong></span> 
     </span>
     <span class='ocr_line' id='line_1_17' title="bbox 336 1459 2225 1532; baseline 0.001 -14"><span class='ocrx_word' id='word_1_151' title='bbox 336 1473 419 1518; x_wconf 83' lang='lat' dir='ltr'><strong>tas</strong></span> <span class='ocrx_word' id='word_1_152' title='bbox 438 1480 540 1522; x_wconf 83' lang='lat' dir='ltr'><strong>non</strong></span> <span class='ocrx_word' id='word_1_153' title='bbox 560 1482 620 1520; x_wconf 84' lang='lat' dir='ltr'><strong>ex</strong></span> <span class='ocrx_word' id='word_1_154' title='bbox 638 1467 823 1520; x_wconf 79' lang='lat' dir='ltr'><strong>virtute</strong></span> <span class='ocrx_word' id='word_1_155' title='bbox 846 1465 1058 1520; x_wconf 87' lang='lat' dir='ltr'><strong>luminis</strong></span> <span class='ocrx_word' id='word_1_156' title='bbox 1080 1466 1344 1528; x_wconf 79' lang='lat' dir='ltr'><strong>naturalis„</strong></span> <span class='ocrx_word' id='word_1_157' title='bbox 1367 1465 1465 1518; x_wconf 80' lang='lat' dir='ltr'><strong>hoc</strong></span> <span class='ocrx_word' id='word_1_158' title='bbox 1483 1473 1582 1527; x_wconf 86' lang='lat' dir='ltr'><strong>est,</strong></span> <span class='ocrx_word' id='word_1_159' title='bbox 1605 1481 1711 1517; x_wconf 88' lang='lat' dir='ltr'><strong>non</strong></span> <span class='ocrx_word' id='word_1_160' title='bbox 1730 1459 2082 1518; x_wconf 72' lang='lat' dir='ltr'><strong>ratiocinando</strong></span> <span class='ocrx_word' id='word_1_161' title='bbox 2101 1482 2225 1532; x_wconf 84' lang='lat' dir='ltr'><strong>per—</strong></span> 
     </span>
     <span class='ocr_line' id='line_1_18' title="bbox 338 1541 2222 1610; baseline -0.001 -13"><span class='ocrx_word' id='word_1_162' title='bbox 338 1541 617 1610; x_wconf 81' lang='lat' dir='ltr'><strong>cipiebant,</strong></span> <span class='ocrx_word' id='word_1_163' title='bbox 638 1545 771 1598; x_wconf 83' lang='lat' dir='ltr'><strong>utin</strong></span> <span class='ocrx_word' id='word_1_164' title='bbox 788 1558 901 1609; x_wconf 80' lang='lat' dir='ltr'><strong>cap.</strong></span> <span class='ocrx_word' id='word_1_165' title='bbox 930 1544 981 1595; x_wconf 92' lang='lat'><strong>1.</strong></span> <span class='ocrx_word' id='word_1_166' title='bbox 1001 1542 1328 1595; x_wconf 79' lang='lat' dir='ltr'><strong>ostendimus</strong></span> <span class='ocrx_word' id='word_1_167' title='bbox 1343 1545 1414 1606; x_wconf 85' lang='lat'><strong>²).</strong></span> <span class='ocrx_word' id='word_1_168' title='bbox 1491 1545 1542 1594; x_wconf 83' lang='lat'><strong>5.</strong></span> <span class='ocrx_word' id='word_1_169' title='bbox 1571 1544 1639 1595; x_wconf 83' lang='lat' dir='ltr'><strong>Et</strong></span> <span class='ocrx_word' id='word_1_170' title='bbox 1657 1544 1894 1608; x_wconf 78' lang='lat' dir='ltr'><strong>quamvis</strong></span> <span class='ocrx_word' id='word_1_171' title='bbox 1911 1544 1966 1595; x_wconf 90' lang='lat' dir='ltr'><strong>in</strong></span> <span class='ocrx_word' id='word_1_172' title='bbox 1987 1547 2222 1610; x_wconf 79' lang='lat' dir='ltr'><strong>quinque</strong></span> 
     </span>
     <span class='ocr_line' id='line_1_19' title="bbox 336 1619 2221 1687; baseline -0.001 -15"><span class='ocrx_word' id='word_1_173' title='bbox 336 1619 483 1672; x_wconf 89' lang='lat' dir='ltr'><strong>libris</strong></span> <span class='ocrx_word' id='word_1_174' title='bbox 504 1621 658 1672; x_wconf 77' lang='lat' dir='ltr'><strong>etiem</strong></span> <span class='ocrx_word' id='word_1_175' title='bbox 678 1620 935 1684; x_wconf 86' lang='lat' dir='ltr'><strong>quaedam</strong></span> <span class='ocrx_word' id='word_1_176' title='bbox 956 1634 1049 1687; x_wconf 85' lang='lat' dir='ltr'><strong>per</strong></span> <span class='ocrx_word' id='word_1_177' title='bbox 1070 1619 1350 1671; x_wconf 78' lang='lat' dir='ltr'><strong>illationem</strong></span> <span class='ocrx_word' id='word_1_178' title='bbox 1373 1621 1610 1672; x_wconf 89' lang='lat' dir='ltr'><strong>concludi</strong></span> <span class='ocrx_word' id='word_1_179' title='bbox 1631 1619 1916 1682; x_wconf 84' lang='lat' dir='ltr'><strong>videantur,</strong></span> <span class='ocrx_word' id='word_1_180' title='bbox 1939 1621 1984 1670; x_wconf 86' lang='lat' dir='ltr'><strong>si</strong></span> <span class='ocrx_word' id='word_1_181' title='bbox 2004 1623 2122 1686; x_wconf 85' lang='lat' dir='ltr'><strong>quis</strong></span> <span class='ocrx_word' id='word_1_182' title='bbox 2140 1629 2221 1672; x_wconf 86' lang='lat' dir='ltr'><strong>ta-</strong></span> 
     </span>
     <span class='ocr_line' id='line_1_20' title="bbox 339 1697 2220 1764; baseline 0.001 -15"><span class='ocrx_word' id='word_1_183' title='bbox 339 1712 461 1749; x_wconf 87' lang='lat' dir='ltr'><strong>men</strong></span> <span class='ocrx_word' id='word_1_184' title='bbox 490 1697 556 1749; x_wconf 80' lang='lat' dir='ltr'><strong>ad</strong></span> <span class='ocrx_word' id='word_1_185' title='bbox 585 1711 643 1749; x_wconf 86' lang='lat' dir='ltr'><strong>ea</strong></span> <span class='ocrx_word' id='word_1_186' title='bbox 671 1697 973 1760; x_wconf 87' lang='lat' dir='ltr'><strong>attenderit,</strong></span> <span class='ocrx_word' id='word_1_187' title='bbox 1003 1697 1183 1749; x_wconf 76' lang='lat' dir='ltr'><strong>eadem</strong></span> <span class='ocrx_word' id='word_1_188' title='bbox 1201 1697 1344 1750; x_wconf 85' lang='lat' dir='ltr'><strong>nullo</strong></span> <span class='ocrx_word' id='word_1_189' title='bbox 1363 1697 1518 1749; x_wconf 86' lang='lat' dir='ltr'><strong>modo</strong></span> <span class='ocrx_word' id='word_1_190' title='bbox 1537 1704 1783 1764; x_wconf 80' lang='lat' dir='ltr'><strong>tanquam</strong></span> <span class='ocrx_word' id='word_1_191' title='bbox 1805 1699 2111 1763; x_wconf 79' lang='lat' dir='ltr'><strong>peremtoria</strong></span> <span class='ocrx_word' id='word_1_192' title='bbox 2129 1713 2220 1751; x_wconf 84' lang='lat' dir='ltr'><strong>ar·-</strong></span> 
     </span>
    </p>
   </div>
   <div class='ocr_carea' id='block_1_5' title="bbox 213 1774 2219 1842">
    <p class='ocr_par' dir='ltr' id='par_1_5' title="bbox 213 1774 2219 1842">
     <span class='ocr_line' id='line_1_21' title="bbox 213 1774 2219 1842; baseline 0.001 -17"><span class='ocrx_word' id='word_1_193' title='bbox 213 1810 230 1825; x_wconf 52' lang='lat'><em>2</em></span> <span class='ocrx_word' id='word_1_194' title='bbox 337 1781 583 1841; x_wconf 80' lang='lat' dir='ltr'><strong>gumenta</strong></span> <span class='ocrx_word' id='word_1_195' title='bbox 602 1776 741 1825; x_wconf 86' lang='lat' dir='ltr'><strong>sumi</strong></span> <span class='ocrx_word' id='word_1_196' title='bbox 766 1788 919 1840; x_wconf 89' lang='lat' dir='ltr'><strong>posse</strong></span> <span class='ocrx_word' id='word_1_197' title='bbox 940 1774 1153 1825; x_wconf 83' lang='lat' dir='ltr'><strong>videbit.</strong></span> <span class='ocrx_word' id='word_1_198' title='bbox 1191 1776 1378 1841; x_wconf 80' lang='lat' dir='ltr'><strong>Ex.gr.</strong></span> <span class='ocrx_word' id='word_1_199' title='bbox 1401 1791 1562 1842; x_wconf 89' lang='lat' dir='ltr'><strong>quum</strong></span> <span class='ocrx_word' id='word_1_200' title='bbox 1587 1778 1760 1827; x_wconf 86' lang='lat' dir='ltr'><strong>Moses</strong></span> <span class='ocrx_word' id='word_1_201' title='bbox 1780 1776 2219 1842; x_wconf 80' lang='lat' dir='ltr'><strong>Deuter.cap.31.</strong></span> 
     </span>
    </p>
   </div>
   <div class='ocr_carea' id='block_1_6' title="bbox 324 1850 2226 2926">
    <p class='ocr_par' dir='ltr' id='par_1_6' title="bbox 324 1850 2226 2926">
     <span class='ocr_line' id='line_1_22' title="bbox 338 1850 2223 1928; baseline 0.001 -25"><span class='ocrx_word' id='word_1_202' title='bbox 338 1866 471 1928; x_wconf 71' lang='lat' dir='ltr'><strong>vers,</strong></span> <span class='ocrx_word' id='word_1_203' title='bbox 495 1851 582 1905; x_wconf 78' lang='lat'><strong>2⁷.</strong></span> <span class='ocrx_word' id='word_1_204' title='bbox 654 1850 905 1903; x_wconf 62' lang='lat' dir='ltr'><strong>Israelitis</strong></span> <span class='ocrx_word' id='word_1_205' title='bbox 939 1852 1087 1903; x_wconf 87' lang='lat' dir='ltr'><strong>dixit:</strong></span> <span class='ocrx_word' id='word_1_206' title='bbox 1127 1851 1215 1917; x_wconf 85' lang='lat' dir='ltr'><strong>Si,</strong></span> <span class='ocrx_word' id='word_1_207' title='bbox 1256 1852 1378 1904; x_wconf 80' lang='lat' dir='ltr'><strong>dum</strong></span> <span class='ocrx_word' id='word_1_208' title='bbox 1405 1868 1506 1919; x_wconf 78' lang='lat' dir='ltr'><strong>ego</strong></span> <span class='ocrx_word' id='word_1_209' title='bbox 1535 1854 1800 1903; x_wconf 72' lang='lat' dir='ltr'><strong>vobiscum</strong></span> <span class='ocrx_word' id='word_1_210' title='bbox 1817 1854 1963 1914; x_wconf 68' lang='lat' dir='ltr'><strong>vimi,</strong></span> <span class='ocrx_word' id='word_1_211' title='bbox 2002 1852 2223 1905; x_wconf 75' lang='lat' dir='ltr'><strong>rebelles</strong></span> 
     </span>
     <span class='ocr_line' id='line_1_23' title="bbox 324 1928 2220 1999; baseline 0.001 -20"><span class='ocrx_word' id='word_1_212' title='bbox 324 1930 523 1995; x_wconf 75' lang='lat' dir='ltr'><strong>fuistis</strong></span> <span class='ocrx_word' id='word_1_213' title='bbox 542 1932 726 1979; x_wconf 77' lang='lat' dir='ltr'><strong>contra</strong></span> <span class='ocrx_word' id='word_1_214' title='bbox 744 1928 917 1979; x_wconf 81' lang='lat' dir='ltr'><strong>Deum</strong></span> <span class='ocrx_word' id='word_1_215' title='bbox 931 1968 945 1991; x_wconf 89' lang='lat'><strong><em>‚</em></strong></span> <span class='ocrx_word' id='word_1_216' title='bbox 982 1928 1148 1980; x_wconf 82' lang='lat' dir='ltr'><strong>multo</strong></span> <span class='ocrx_word' id='word_1_217' title='bbox 1167 1933 1344 1995; x_wconf 72' lang='lat' dir='ltr'><strong>magis</strong></span> <span class='ocrx_word' id='word_1_218' title='bbox 1353 1936 1640 1999; x_wconf 72' lang='lat' dir='ltr'><strong>postquam</strong></span> <span class='ocrx_word' id='word_1_219' title='bbox 1659 1934 1900 1981; x_wconf 73' lang='lat' dir='ltr'><strong>mortum·</strong></span> <span class='ocrx_word' id='word_1_220' title='bbox 1917 1946 2008 1980; x_wconf 73' lang='lat' dir='ltr'><strong>ero</strong></span> <span class='ocrx_word' id='word_1_221' title='bbox 2017 1949 2038 1994; x_wconf 88' lang='lat'><strong>,·</strong></span> <span class='ocrx_word' id='word_1_222' title='bbox 2076 1930 2220 1981; x_wconf 87' lang='lat' dir='ltr'><strong>nullo</strong></span> 
     </span>
     <span class='ocr_line' id='line_1_24' title="bbox 340 2004 2224 2071; baseline -0.001 -13"><span class='ocrx_word' id='word_1_223' title='bbox 340 2005 493 2058; x_wconf 87' lang='lat' dir='ltr'><strong>modo</strong></span> <span class='ocrx_word' id='word_1_224' title='bbox 513 2004 905 2070; x_wconf 78' lang='lat' dir='ltr'><strong>intelligendum</strong></span> <span class='ocrx_word' id='word_1_225' title='bbox 924 2012 1024 2067; x_wconf 88' lang='lat' dir='ltr'><strong>est,</strong></span> <span class='ocrx_word' id='word_1_226' title='bbox 1041 2006 1181 2071; x_wconf 87' lang='lat' dir='ltr'><strong>quod</strong></span> <span class='ocrx_word' id='word_1_227' title='bbox 1192 2008 1372 2059; x_wconf 79' lang='lat' dir='ltr'><strong>Moses</strong></span> <span class='ocrx_word' id='word_1_228' title='bbox 1392 2008 1587 2059; x_wconf 81' lang='lat' dir='ltr'><strong>ratione</strong></span> <span class='ocrx_word' id='word_1_229' title='bbox 1607 2007 1908 2057; x_wconf 77' lang='lat' dir='ltr'><strong>convincere</strong></span> <span class='ocrx_word' id='word_1_230' title='bbox 1928 2006 2034 2058; x_wconf 77' lang='lat' dir='ltr'><strong>vult</strong></span> <span class='ocrx_word' id='word_1_231' title='bbox 2053 2010 2224 2058; x_wconf 73' lang='lat' dir='ltr'><strong>Israe-</strong></span> 
     </span>
     <span class='ocr_line' id='line_1_25' title="bbox 337 2083 2218 2149; baseline -0.001 -15"><span class='ocrx_word' id='word_1_232' title='bbox 337 2083 459 2135; x_wconf 84' lang='lat' dir='ltr'><strong>litas</strong></span> <span class='ocrx_word' id='word_1_233' title='bbox 494 2090 610 2149; x_wconf 81' lang='lat' dir='ltr'><strong>post</strong></span> <span class='ocrx_word' id='word_1_234' title='bbox 648 2084 761 2134; x_wconf 88' lang='lat' dir='ltr'><strong>eius</strong></span> <span class='ocrx_word' id='word_1_235' title='bbox 794 2090 1013 2134; x_wconf 85' lang='lat' dir='ltr'><strong>mortem</strong></span> <span class='ocrx_word' id='word_1_236' title='bbox 1050 2098 1079 2138; x_wconf 83' lang='lat' dir='ltr'><strong>a</strong></span> <span class='ocrx_word' id='word_1_237' title='bbox 1116 2098 1235 2135; x_wconf 82' lang='lat' dir='ltr'><strong>vero</strong></span> <span class='ocrx_word' id='word_1_238' title='bbox 1260 2085 1360 2137; x_wconf 81' lang='lat' dir='ltr'><strong>Dei</strong></span> <span class='ocrx_word' id='word_1_239' title='bbox 1399 2084 1541 2136; x_wconf 87' lang='lat' dir='ltr'><strong>cultu</strong></span> <span class='ocrx_word' id='word_1_240' title='bbox 1581 2084 1873 2136; x_wconf 80' lang='lat' dir='ltr'><strong>necessario</strong></span> <span class='ocrx_word' id='word_1_241' title='bbox 1911 2083 2218 2135; x_wconf 73' lang='lat' dir='ltr'><strong>deflexurus.</strong></span> 
     </span>
     <span class='ocr_line' id='line_1_26' title="bbox 338 2160 2222 2227; baseline 0.001 -17"><span class='ocrx_word' id='word_1_242' title='bbox 338 2160 719 2225; x_wconf 72' lang='lat' dir='ltr'><strong>Argumentum</strong></span> <span class='ocrx_word' id='word_1_243' title='bbox 756 2160 895 2213; x_wconf 85' lang='lat' dir='ltr'><strong>enim</strong></span> <span class='ocrx_word' id='word_1_244' title='bbox 934 2160 1125 2212; x_wconf 82' lang='lat' dir='ltr'><strong>falsum</strong></span> <span class='ocrx_word' id='word_1_245' title='bbox 1165 2168 1334 2220; x_wconf 83' lang='lat' dir='ltr'><strong>esset,</strong></span> <span class='ocrx_word' id='word_1_246' title='bbox 1374 2162 1516 2227; x_wconf 84' lang='lat' dir='ltr'><strong>quod</strong></span> <span class='ocrx_word' id='word_1_247' title='bbox 1543 2161 1698 2212; x_wconf 71' lang='lat' dir='ltr'><strong>etia·</strong></span> <span class='ocrx_word' id='word_1_248' title='bbox 1727 2174 1788 2211; x_wconf 82' lang='lat' dir='ltr'><strong>ex</strong></span> <span class='ocrx_word' id='word_1_249' title='bbox 1815 2162 1926 2227; x_wconf 87' lang='lat' dir='ltr'><strong>ipsa</strong></span> <span class='ocrx_word' id='word_1_250' title='bbox 1957 2162 2222 2227; x_wconf 81' lang='lat' dir='ltr'><strong>Scriptura</strong></span> 
     </span>
     <span class='ocr_line' id='line_1_27' title="bbox 340 2237 2224 2305; baseline 0.001 -16"><span class='ocrx_word' id='word_1_251' title='bbox 340 2237 539 2290; x_wconf 84' lang='lat' dir='ltr'><strong>ostendi</strong></span> <span class='ocrx_word' id='word_1_252' title='bbox 570 2245 767 2304; x_wconf 82' lang='lat' dir='ltr'><strong>posset.</strong></span> <span class='ocrx_word' id='word_1_253' title='bbox 838 2239 969 2291; x_wconf 79' lang='lat' dir='ltr'><strong>Nam</strong></span> <span class='ocrx_word' id='word_1_254' title='bbox 998 2238 1259 2289; x_wconf 70' lang='lat' dir='ltr'><strong>Israelitae</strong></span> <span class='ocrx_word' id='word_1_255' title='bbox 1291 2245 1585 2289; x_wconf 81' lang='lat' dir='ltr'><strong>constanter</strong></span> <span class='ocrx_word' id='word_1_256' title='bbox 1611 2245 2002 2305; x_wconf 56' lang='lat' dir='ltr'><strong>perseverarunt</strong></span> <span class='ocrx_word' id='word_1_257' title='bbox 2026 2239 2224 2291; x_wconf 80' lang='lat' dir='ltr'><strong>vivente</strong></span> 
     </span>
     <span class='ocr_line' id='line_1_28' title="bbox 337 2313 2223 2381; baseline -0.001 -14"><span class='ocrx_word' id='word_1_258' title='bbox 337 2318 493 2367; x_wconf 87' lang='lat' dir='ltr'><strong>losua</strong></span> <span class='ocrx_word' id='word_1_259' title='bbox 514 2322 565 2366; x_wconf 90' lang='lat' dir='ltr'><strong>et</strong></span> <span class='ocrx_word' id='word_1_260' title='bbox 584 2313 837 2379; x_wconf 83' lang='lat' dir='ltr'><strong>Senibus,</strong></span> <span class='ocrx_word' id='word_1_261' title='bbox 870 2322 919 2366; x_wconf 89' lang='lat' dir='ltr'><strong>et</strong></span> <span class='ocrx_word' id='word_1_262' title='bbox 936 2323 1115 2381; x_wconf 82' lang='lat' dir='ltr'><strong>postea</strong></span> <span class='ocrx_word' id='word_1_263' title='bbox 1134 2316 1287 2365; x_wconf 84' lang='lat' dir='ltr'><strong>etiam</strong></span> <span class='ocrx_word' id='word_1_264' title='bbox 1306 2317 1504 2367; x_wconf 81' lang='lat' dir='ltr'><strong>vivente</strong></span> <span class='ocrx_word' id='word_1_265' title='bbox 1525 2315 1795 2377; x_wconf 79' lang='lat' dir='ltr'><strong>Samuele,</strong></span> <span class='ocrx_word' id='word_1_266' title='bbox 1824 2315 2020 2367; x_wconf 82' lang='lat' dir='ltr'><strong>Davide</strong></span> <span class='ocrx_word' id='word_1_267' title='bbox 2034 2354 2048 2376; x_wconf 93' lang='lat'>‚</span> <span class='ocrx_word' id='word_1_268' title='bbox 2071 2315 2223 2367; x_wconf 85' lang='lat' dir='ltr'><strong>Salo-</strong></span> 
     </span>
     <span class='ocr_line' id='line_1_29' title="bbox 340 2390 2221 2455; baseline -0.001 -12"><span class='ocrx_word' id='word_1_269' title='bbox 340 2405 493 2445; x_wconf 87' lang='lat' dir='ltr'><strong>mone</strong></span> <span class='ocrx_word' id='word_1_270' title='bbox 514 2397 611 2443; x_wconf 85' lang='lat' dir='ltr'><strong>etc.</strong></span> <span class='ocrx_word' id='word_1_271' title='bbox 687 2391 738 2442; x_wconf 80' lang='grc'><strong>6.</strong></span> <span class='ocrx_word' id='word_1_272' title='bbox 762 2392 935 2454; x_wconf 87' lang='lat' dir='ltr'><strong>Quare</strong></span> <span class='ocrx_word' id='word_1_273' title='bbox 954 2392 1104 2443; x_wconf 82' lang='lat' dir='ltr'><strong>verba</strong></span> <span class='ocrx_word' id='word_1_274' title='bbox 1123 2391 1209 2443; x_wconf 90' lang='lat' dir='ltr'><strong>illa</strong></span> <span class='ocrx_word' id='word_1_275' title='bbox 1231 2393 1400 2445; x_wconf 81' lang='lat' dir='ltr'><strong>Mosis</strong></span> <span class='ocrx_word' id='word_1_276' title='bbox 1417 2392 1628 2444; x_wconf 84' lang='lat' dir='ltr'><strong>moralis</strong></span> <span class='ocrx_word' id='word_1_277' title='bbox 1646 2390 1838 2444; x_wconf 86' lang='lat' dir='ltr'><strong>locutio</strong></span> <span class='ocrx_word' id='word_1_278' title='bbox 1858 2400 2056 2443; x_wconf 82' lang='lat' dir='ltr'><strong>tantum</strong></span> <span class='ocrx_word' id='word_1_279' title='bbox 2078 2399 2221 2455; x_wconf 86' lang='lat' dir='ltr'><strong>sunt,</strong></span> 
     </span>
     <span class='ocr_line' id='line_1_30' title="bbox 341 2468 2226 2537; baseline -0.001 -16"><span class='ocrx_word' id='word_1_280' title='bbox 341 2484 445 2535; x_wconf 79' lang='lat' dir='ltr'><strong>qua</strong></span> <span class='ocrx_word' id='word_1_281' title='bbox 463 2468 733 2531; x_wconf 85' lang='lat' dir='ltr'><strong>rhetorice,</strong></span> <span class='ocrx_word' id='word_1_282' title='bbox 752 2475 801 2520; x_wconf 89' lang='lat' dir='ltr'><strong>et</strong></span> <span class='ocrx_word' id='word_1_283' title='bbox 820 2476 975 2535; x_wconf 84' lang='lat' dir='ltr'><strong>prout</strong></span> <span class='ocrx_word' id='word_1_284' title='bbox 992 2468 1215 2521; x_wconf 78' lang='lat' dir='ltr'><strong>futuram</strong></span> <span class='ocrx_word' id='word_1_285' title='bbox 1237 2469 1414 2537; x_wconf 86' lang='lat' dir='ltr'><strong>populi</strong></span> <span class='ocrx_word' id='word_1_286' title='bbox 1435 2469 1776 2521; x_wconf 85' lang='lat' dir='ltr'><strong>defectionem</strong></span> <span class='ocrx_word' id='word_1_287' title='bbox 1799 2468 2016 2521; x_wconf 82' lang='lat' dir='ltr'><strong>vividius</strong></span> <span class='ocrx_word' id='word_1_288' title='bbox 2037 2470 2226 2535; x_wconf 76' lang='lat' dir='ltr'><strong>imagi·-</strong></span> 
     </span>
     <span class='ocr_line' id='line_1_31' title="bbox 342 2545 2223 2614; baseline -0.001 -15"><span class='ocrx_word' id='word_1_289' title='bbox 342 2548 451 2599; x_wconf 81' lang='lat' dir='ltr'><strong>nari</strong></span> <span class='ocrx_word' id='word_1_290' title='bbox 468 2553 727 2614; x_wconf 84' lang='lat' dir='ltr'><strong>potuerat,</strong></span> <span class='ocrx_word' id='word_1_291' title='bbox 767 2546 1032 2612; x_wconf 76' lang='lat' dir='ltr'><strong>praedicit.</strong></span> <span class='ocrx_word' id='word_1_292' title='bbox 1106 2546 1256 2598; x_wconf 80' lang='lat' dir='ltr'><strong>Ratio</strong></span> <span class='ocrx_word' id='word_1_293' title='bbox 1277 2552 1448 2599; x_wconf 87' lang='lat' dir='ltr'><strong>autem</strong></span> <span class='ocrx_word' id='word_1_294' title='bbox 1469 2560 1560 2598; x_wconf 90' lang='lat' dir='ltr'><strong>cur</strong></span> <span class='ocrx_word' id='word_1_295' title='bbox 1579 2560 1680 2597; x_wconf 89' lang='lat' dir='ltr'><strong>non</strong></span> <span class='ocrx_word' id='word_1_296' title='bbox 1703 2546 1839 2605; x_wconf 90' lang='lat' dir='ltr'><strong>dico,</strong></span> <span class='ocrx_word' id='word_1_297' title='bbox 1875 2545 2063 2598; x_wconf 75' lang='lat' dir='ltr'><strong>Mosen</strong></span> <span class='ocrx_word' id='word_1_298' title='bbox 2085 2560 2146 2599; x_wconf 82' lang='lat' dir='ltr'><strong>ex</strong></span> <span class='ocrx_word' id='word_1_299' title='bbox 2164 2560 2223 2597; x_wconf 87' lang='lat' dir='ltr'><strong>se</strong></span> 
     </span>
     <span class='ocr_line' id='line_1_32' title="bbox 340 2620 2218 2692; baseline -0.001 -16"><span class='ocrx_word' id='word_1_300' title='bbox 340 2626 482 2691; x_wconf 83' lang='lat' dir='ltr'><strong>ipso,</strong></span> <span class='ocrx_word' id='word_1_301' title='bbox 522 2632 581 2675; x_wconf 88' lang='lat' dir='ltr'><strong>ut</strong></span> <span class='ocrx_word' id='word_1_302' title='bbox 608 2621 801 2691; x_wconf 83' lang='lat' dir='ltr'><strong>populo</strong></span> <span class='ocrx_word' id='word_1_303' title='bbox 818 2638 970 2676; x_wconf 82' lang='lat' dir='ltr'><strong>suam</strong></span> <span class='ocrx_word' id='word_1_304' title='bbox 996 2623 1398 2692; x_wconf 80' lang='lat' dir='ltr'><strong>praedictionem</strong></span> <span class='ocrx_word' id='word_1_305' title='bbox 1427 2623 1752 2675; x_wconf 87' lang='lat' dir='ltr'><strong>verisimilem</strong></span> <span class='ocrx_word' id='word_1_306' title='bbox 1783 2620 2004 2687; x_wconf 75' lang='lat' dir='ltr'><strong>faceret,</strong></span> <span class='ocrx_word' id='word_1_307' title='bbox 2037 2630 2088 2676; x_wconf 92' lang='lat' dir='ltr'><strong>et</strong></span> <span class='ocrx_word' id='word_1_308' title='bbox 2113 2638 2218 2675; x_wconf 86' lang='lat' dir='ltr'><strong>nou</strong></span> 
     </span>
     <span class='ocr_line' id='line_1_33' title="bbox 344 2700 2218 2768; baseline -0.002 -13"><span class='ocrx_word' id='word_1_309' title='bbox 344 2710 589 2768; x_wconf 75' lang='lat' dir='ltr'><strong>tanquam</strong></span> <span class='ocrx_word' id='word_1_310' title='bbox 610 2700 912 2767; x_wconf 81' lang='lat' dir='ltr'><strong>prophetam</strong></span> <span class='ocrx_word' id='word_1_311' title='bbox 932 2716 991 2753; x_wconf 83' lang='lat' dir='ltr'><strong>ex</strong></span> <span class='ocrx_word' id='word_1_312' title='bbox 1010 2702 1316 2755; x_wconf 81' lang='lat' dir='ltr'><strong>revelatione</strong></span> <span class='ocrx_word' id='word_1_313' title='bbox 1336 2702 1460 2754; x_wconf 81' lang='lat' dir='ltr'><strong>haec</strong></span> <span class='ocrx_word' id='word_1_314' title='bbox 1477 2700 1684 2760; x_wconf 78' lang='lat' dir='ltr'><strong>dixisse,</strong></span> <span class='ocrx_word' id='word_1_315' title='bbox 1709 2706 1805 2763; x_wconf 88' lang='lat' dir='ltr'><strong>est,</strong></span> <span class='ocrx_word' id='word_1_316' title='bbox 1829 2701 1952 2766; x_wconf 83' lang='lat' dir='ltr'><strong>quia</strong></span> <span class='ocrx_word' id='word_1_317' title='bbox 1974 2714 2110 2753; x_wconf 79' lang='lat' dir='ltr'><strong>vers.</strong></span> <span class='ocrx_word' id='word_1_318' title='bbox 2131 2701 2218 2755; x_wconf 77' lang='lat'><strong>21.</strong></span> 
     </span>
     <span class='ocr_line' id='line_1_34' title="bbox 344 2776 2224 2847; baseline -0.002 -16"><span class='ocrx_word' id='word_1_319' title='bbox 344 2780 577 2832; x_wconf 84' lang='lat' dir='ltr'><strong>eiusdem</strong></span> <span class='ocrx_word' id='word_1_320' title='bbox 600 2792 715 2845; x_wconf 82' lang='lat' dir='ltr'><strong>cap.</strong></span> <span class='ocrx_word' id='word_1_321' title='bbox 738 2776 1001 2840; x_wconf 81' lang='lat' dir='ltr'><strong>narratur,</strong></span> <span class='ocrx_word' id='word_1_322' title='bbox 1039 2781 1209 2830; x_wconf 84' lang='lat' dir='ltr'><strong>Deum</strong></span> <span class='ocrx_word' id='word_1_323' title='bbox 1230 2778 1326 2830; x_wconf 84' lang='lat' dir='ltr'><strong>hoc</strong></span> <span class='ocrx_word' id='word_1_324' title='bbox 1354 2780 1526 2847; x_wconf 84' lang='lat' dir='ltr'><strong>ipsum</strong></span> <span class='ocrx_word' id='word_1_325' title='bbox 1547 2777 1682 2829; x_wconf 85' lang='lat' dir='ltr'><strong>Mosi</strong></span> <span class='ocrx_word' id='word_1_326' title='bbox 1701 2776 1820 2829; x_wconf 84' lang='lat' dir='ltr'><strong>aliis</strong></span> <span class='ocrx_word' id='word_1_327' title='bbox 1838 2777 2010 2830; x_wconf 80' lang='lat' dir='ltr'><strong>verbis</strong></span> <span class='ocrx_word' id='word_1_328' title='bbox 2027 2778 2224 2829; x_wconf 87' lang='lat' dir='ltr'><strong>revela-</strong></span> 
     </span>
     <span class='ocr_line' id='line_1_35' title="bbox 344 2854 2219 2926; baseline -0.003 -16"><span class='ocrx_word' id='word_1_329' title='bbox 344 2858 497 2921; x_wconf 81' lang='lat' dir='ltr'><strong>visse,</strong></span> <span class='ocrx_word' id='word_1_330' title='bbox 518 2871 675 2926; x_wconf 82' lang='lat' dir='ltr'><strong>quem</strong></span> <span class='ocrx_word' id='word_1_331' title='bbox 694 2870 821 2909; x_wconf 83' lang='lat' dir='ltr'><strong>sane</strong></span> <span class='ocrx_word' id='word_1_332' title='bbox 841 2872 943 2909; x_wconf 89' lang='lat' dir='ltr'><strong>non</strong></span> <span class='ocrx_word' id='word_1_333' title='bbox 964 2870 1097 2922; x_wconf 84' lang='lat' dir='ltr'><strong>opus</strong></span> <span class='ocrx_word' id='word_1_334' title='bbox 1116 2863 1242 2921; x_wconf 80' lang='lat' dir='ltr'><strong>erat,</strong></span> <span class='ocrx_word' id='word_1_335' title='bbox 1257 2854 1621 2909; x_wconf 80' lang='lat' dir='ltr'><strong>verisimilibus</strong></span> <span class='ocrx_word' id='word_1_336' title='bbox 1641 2854 1930 2908; x_wconf 79' lang='lat' dir='ltr'><strong>rationibus</strong></span> <span class='ocrx_word' id='word_1_337' title='bbox 1949 2856 2219 2908; x_wconf 79' lang='lat' dir='ltr'><strong>certiorem</strong></span> 
     </span>
    </p>
   </div>
   <div class='ocr_carea' id='block_1_7' title="bbox 350 2963 678 2975">
    <p class='ocr_par' dir='ltr' id='par_1_7' title="bbox 350 2963 678 2975">
     <span class='ocr_line' id='line_1_36' title="bbox 350 2963 678 2975; baseline 0 0"><span class='ocrx_word' id='word_1_338' title='bbox 350 2963 678 2975; x_wconf 95' lang='lat' dir='ltr'><strong> </strong></span> 
     </span>
    </p>
   </div>
   <div class='ocr_carea' id='block_1_8' title="bbox 448 2994 1764 3153">
    <p class='ocr_par' dir='ltr' id='par_1_8' title="bbox 448 2994 1764 3153">
     <span class='ocr_line' id='line_1_37' title="bbox 448 2994 1764 3083; baseline 0.002 -24"><span class='ocrx_word' id='word_1_339' title='bbox 448 3020 490 3069; x_wconf 87' lang='lat'><strong>1)</strong></span> <span class='ocrx_word' id='word_1_340' title='bbox 525 3009 645 3071; x_wconf 61' lang='grc' dir='ltr'><strong>»Ὧς</strong></span> <span class='ocrx_word' id='word_1_341' title='bbox 666 3010 934 3080; x_wconf 72' lang='grc' dir='ltr'><strong><em>φρονίμοις</em></strong></span> <span class='ocrx_word' id='word_1_342' title='bbox 952 2994 1080 3076; x_wconf 67' lang='grc' dir='ltr'><strong>λέγά)</strong></span> <span class='ocrx_word' id='word_1_343' title='bbox 1094 3028 1105 3039; x_wconf 90' lang='grc'><em>·</em></span> <span class='ocrx_word' id='word_1_344' title='bbox 1142 3010 1349 3083; x_wconf 58' lang='grc' dir='ltr'><strong>κρίνατε</strong></span> <span class='ocrx_word' id='word_1_345' title='bbox 1369 3007 1508 3074; x_wconf 70' lang='grc' dir='ltr'>ὑμεῖς</span> <span class='ocrx_word' id='word_1_346' title='bbox 1527 3006 1556 3063; x_wconf 77' lang='grc' dir='ltr'>ὅ</span> <span class='ocrx_word' id='word_1_347' title='bbox 1577 3017 1764 3079; x_wconf 81' lang='grc' dir='ltr'><strong>φημι.“</strong></span> 
     </span>
     <span class='ocr_line' id='line_1_38' title="bbox 448 3092 1123 3153; baseline 0.009 -20"><span class='ocrx_word' id='word_1_348' title='bbox 448 3094 493 3148; x_wconf 75' lang='lat'><strong>2&gt;</strong></span> <span class='ocrx_word' id='word_1_349' title='bbox 517 3092 619 3139; x_wconf 74' lang='lat' dir='ltr'><strong>vid.</strong></span> <span class='ocrx_word' id='word_1_350' title='bbox 638 3093 849 3151; x_wconf 73' lang='lat' dir='ltr'><strong>inprimis</strong></span> <span class='ocrx_word' id='word_1_351' title='bbox 868 3096 910 3149; x_wconf 66' lang='grc' dir='ltr'><strong>ς.</strong></span> <span class='ocrx_word' id='word_1_352' title='bbox 930 3096 998 3139; x_wconf 64' lang='grc' dir='ltr'><strong>Β.</strong></span> <span class='ocrx_word' id='word_1_353' title='bbox 1018 3104 1123 3153; x_wconf 76' lang='lat' dir='ltr'><strong>sqq.</strong></span> 
     </span>
    </p>
   </div>
  </div>
 </body>
</html>
