2548 3485
235 96 238 103 ·
326 129 407 189 56
718 130 1110 175 TRACTATUS
1147 130 1803 178 THEomelco-POLIT.

325 312 414 363 cui
449 309 736 375 benedicis,
777 309 1130 371 benedictum,
1171 314 1225 361 et
1253 310 1343 362 eui
1368 309 1665 373 maledicis,
1704 308 2044 361 maledictum
2080 327 2209 364 esre.

325 388 496 451 Quare
533 387 579 441 is
617 384 759 437 illam
796 386 1012 442 eandem
1048 388 1321 449 virtutem,
1359 400 1517 451 quam
1552 388 1697 439 Deus
1732 385 2033 441 Abrabam«)
2069 386 2213 455 (vide
2302 386 2317 395 “

324 464 516 518 Genes.
556 478 668 531 cap.
704 463 788 519 12.
824 478 958 517 vers.
991 465 1078 527 3.)
1117 464 1331 531 largitus
1367 471 1477 524 est,
1515 462 1753 518 babebat.
1842 464 1930 517 36.
1968 463 2213 517 Balamus

323 540 532 605 deinde,
574 547 632 591 nt
649 547 890 603 assuetus
909 540 1220 607 prophetiiS,
1259 541 1437 607 legatis
1456 542 1761 607 respondet,
1802 548 1861 594 ut
1876 541 2017 607 apud
2035 542 2213 608 ipsum

326 624 612 683 manerent,
635 618 800 671 donec
818 620 866 669 ei
885 618 980 671 Dei
1001 618 1236 671 voluntas
1258 618 1584 674 revelaretur.
1656 619 1833 681 Quum
1854 618 2211 685 prophetabat,

323 696 423 749 boc
439 702 518 749 est
529 731 546 761 ‚
579 708 744 761 quum
768 707 936 752 veram
955 696 1052 749 Dei
1070 702 1299 748 mentem
1320 694 1787 762 interpretabatur,
1816 694 1941 750 baec
1960 695 2025 749 de
2042 711 2102 749 ae
2121 696 2213 749 di·-

325 802 438 841 cero
457 786 750 853 solebat¹i=
799 791 984 879 *amp
1023 766 1177 882 152‘213.
1211 794 1355 868 nxz-e
1378 784 1515 867 wi
1554 768 1852 868 bis-270&
1886 773 2051 869 χχρὴ)
2086 795 2213 882 εις),

325 904 500 989 02:1⁸2
530 874 674 962 33533
707 876 827 961 ‘703
861 868 1021 980 nir?
1051 898 1186 978 '²3¹9
1219 899 1420 950 dicmm
1446 902 1585 965 eim,
1624 904 1721 967 qm·
1744 901 1897 951 audit
1922 901 2067 952 dicta
2085 871 2210 965 De'i,

323 994 419 1061 qui
443 995 591 1044 novit
605 995 883 1044 scientiam
903 969 1014 1061 (vel’
1029 1002 1254 1045 mentem
1276 1000 1325 1045 et
1343 995 1759 1061 praescientiam)
1778 996 1977 1047 eoeeelst’
1985 1033 2002 1061 ,
2042 996 2212 1045 visio-

323 1086 440 1122 nem
467 1072 835 1137 omnipotentis
861 1070 1004 1121 videt
1021 1072 1295 1132 excidens,
1336 1071 1431 1121 aed
1453 1076 1682 1123 retectus
1712 1074 1899 1124 oeulis.
1977 1063 2215 1137 Denique

324 1156 602 1217 postquam
612 1144 863 1199 Hebraeis
883 1162 941 1199 ex
959 1147 1200 1200 mandato
1211 1150 1307 1199 Dei
1327 1148 1585 1199 benedixit
1600 1150 1868 1211 (nimirum
1892 1157 1949 1201 ut
1968 1148 2211 1213 solebat),

323 1226 438 1278 aliis
453 1224 692 1291 gentibus
712 1224 1015 1291 prophetare
1034 1240 1222 1291 resque
1237 1240 1414 1277 earum
1432 1226 1629 1277 futuras
1646 1228 1935 1295 praedicere
1950 1226 2211 1292 incipit2).

324 1304 414 1356 37.
455 1303 602 1365 Quae
623 1302 795 1352 omnia
816 1303 940 1352 satis
963 1316 1224 1369 superque
1253 1303 1507 1367 indicant,
1539 1319 1657 1355 eum
1688 1318 1893 1373 semper
1913 1303 2213 1372 prophetam

325 1378 488 1431 fuisse
518 1384 608 1431 aut
635 1378 845 1446 saepius
874 1380 1287 1447 prophetavisse,
1328 1387 1377 1431 et
1406 1380 1577 1447 (quod
1606 1380 1774 1433 adhuc
1794 1382 1875 1435 hic
1897 1382 2215 1451 notandum)

326 1455 379 1507 id
395 1496 408 1519 ‚
449 1457 589 1522 quod
623 1454 899 1522 praecipue
927 1457 1202 1524 prophetas
1222 1457 1287 1508 de
1307 1456 1607 1524 prophetiae
1626 1459 1831 1510 veritate
1850 1466 2016 1510 certos
2035 1458 2216 1510 redde·

325 1533 445 1595 bat,
477 1532 756 1598 babuisse,
798 1546 984 1599 nempe
1001 1535 1232 1585 animum
1255 1535 1320 1585 ad
1343 1534 1513 1586 solum
1536 1549 1760 1601 aequum
1783 1542 1831 1588 et
1852 1534 2048 1587 bonum
2066 1535 2220 1587 incli-

326 1619 525 1663 natum.
597 1612 713 1663 Non
734 1610 872 1661 enim
893 1611 976 1663 cui
997 1610 1108 1676 ipse
1128 1610 1359 1673 volebat,
1386 1611 1745 1677 benedicebat,
1775 1628 1869 1664 nec
1888 1614 1970 1663 cui
1994 1612 2213 1675 volebat,

327 1686 684 1751 maledicebat,
708 1693 766 1739 ut
785 1688 944 1740 Balak
963 1687 1200 1755 putabat,
1227 1688 1319 1739 sed
1342 1693 1541 1741 tantum
1565 1691 1626 1741 iis
1642 1728 1656 1754 ‚
1679 1688 1871 1757 quibus
1888 1690 2031 1741 Deus
2051 1688 2219 1741 bene-

327 1767 428 1818 dici
464 1771 556 1817 aut
589 1765 825 1820 maledici
860 1765 1078 1818 volebat.
1152 1767 1277 1821 Ideo
1306 1767 1500 1820 Balaka
1538 1768 1808 1834 respondit
1822 1768 1906 1836 ³)=
1966 1767 2217 1832 Quamvis

327 1842 564 1896 Balalmr
580 1844 717 1893 mihi
731 1842 887 1909 daret
903 1847 1109 1894 tantum
1127 1847 1344 1910 argenti
1362 1849 1415 1896 et
1432 1848 1574 1906 auri,
1596 1850 1853 1911 quantum
1873 1847 1984 1896 eius
2002 1844 2216 1896 domum

327 1920 615 1986 adimplere
628 1925 806 1986 posset
822 1958 839 1986 ‚
869 1925 1172 1987 nonpotero
1201 1921 1509 1988 transgredi
1538 1922 1767 1973 edietum
1785 1921 1890 1973 Dei
1915 1921 1987 1973 ad
1995 1922 2217 1988 sacien-

327 1997 452 2048 dum
477 2013 549 2048 ex
574 2011 690 2049 meo
717 1997 946 2048 arbitrio
973 1999 1162 2049 bonum
1198 2004 1297 2049 aut
1328 1998 1560 2062 malum3
1598 2000 1742 2065 qnod
1766 1999 1912 2050 Deus
1948 1997 2213 2065 loquetur,

327 2075 538 2140 loquar.
628 2074 714 2128 38.
763 2074 918 2138 Quod
946 2082 1120 2127 autem
1145 2078 1290 2128 Deus
1318 2078 1395 2139 ei,
1436 2075 1563 2128 dum
1590 2084 1699 2128 erat
1726 2078 1779 2128 in
1808 2077 2017 2139 itinere,
2051 2078 2215 2128 iratus

328 2151 483 2204 fuerit
498 2151 555 2220 ⁴)
570 2190 586 2214 ,
623 2150 676 2203 id
696 2152 848 2204 etiam
867 2153 1032 2214 Most,
1073 2153 1270 2205 durnin
1291 2154 1583 2220 Aegyptum
1602 2169 1663 2206 ex
1677 2153 1774 2205 Dei
1796 2153 2037 2209 mandato
2057 2153 2217 2221 profi-

330 2228 644 2294 ciscebatur‚
669 2230 882 2296 contigit
903 2229 1046 2296 (vide
1061 2231 1224 2282 Exodi
1247 2245 1362 2296 cap.
1384 2233 1435 2283 4.
1457 2245 1507 2281 v.
1529 2232 1677 2297 24.);
1721 2239 1770 2282 et
1786 2231 1925 2298 quod
1946 2237 2215 2297 argentum

328 2307 394 2359 ad
432 2306 844 2373 prophetandum
875 2306 1183 2372 accipiebat,
1223 2307 1361 2358 idem
1394 2306 1639 2359 Sbamuel
1666 2308 1883 2362 faciebat
1909 2307 2051 2376 (vide
2078 2307 2218 2360 Sha-

330 2383 487 2436 muel.
519 2383 610 2434 iib.
635 2386 685 2436 1.
709 2397 822 2450 cap.
845 2384 897 2436 9.
927 2399 975 2436 v.
996 2384 1230 2450 2-8.);
1267 2392 1321 2436 et
1344 2386 1388 2436 si
1418 2385 1473 2436 in
1503 2385 1675 2452 aliqua
1704 2400 1757 2436 re
1785 2388 2009 2452 peccavit
2036 2383 2128 2452 (de
2154 2401 2219 2436 eo

329 2460 444 2514 vide
461 2461 496 2515 2
515 2461 669 2528 epist.
701 2461 840 2514 Petr.
867 2474 981 2528 cap.
1003 2463 1056 2515 2.
1087 2477 1135 2514 v.
1161 2463 1244 2514 15.
1268 2462 1353 2513 16.
1386 2469 1435 2512 et
1462 2461 1623 2514 Iudae
1651 2477 1699 2514 v.
1726 2463 1837 2529 11.)
1854 2499 1868 2524 ,
1906 2477 2057 2513 nemo
2084 2463 2219 2513 adeo

233 2559 248 2576 .
330 2553 558 2604 aequus,
598 2539 694 2604 qui
719 2539 846 2590 bene
873 2553 1078 2606 semper·
1103 2543 1264 2603 agat,
1305 2544 1357 2588 et
1372 2555 1641 2606 nunquam
1653 2545 1853 2606 peccet.
1927 2539 2054 2592 Vide
2072 2540 2214 2591 Eecl.

332 2629 446 2684 cap.
465 2616 518 2668 7.
540 2629 589 2668 v.
609 2617 697 2670 20.
769 2615 838 2666 Et
863 2628 989 2668 sane
1008 2618 1124 2668 eius
1142 2617 1403 2667 orationes
1422 2616 1644 2668 multum
1666 2629 1871 2683 semper
1888 2616 2026 2682 apud
2046 2618 2217 2668 Deum

331 2694 496 2746 valere
514 2689 826 2754 debuerunt,
849 2693 1034 2744 eteius
1053 2694 1132 2746 vis
1151 2692 1218 2746 ad
1237 2693 1653 2747 maledicendum
1674 2701 1809 2745 certe
1828 2708 2013 2761 magna
2032 2693 2219 2746 admo-

334 2771 459 2822 dum
498 2771 620 2832 i'uit,
661 2769 1083 2836 quandoquidem
1121 2773 1272 2824 toties
1311 2771 1363 2820 in
1402 2772 1662 2842 Scriptura
1701 2772 1981 2839 reperiatur
2020 2770 2087 2824 ad
2122 2772 2219 2824 Dei

437 2925 478 2973 ι)
516 2921 705 2966 Numer.
727 2933 829 2976 cap.
852 2923 1037 2968 24.ν.4.
1060 2926 1124 2966 16.

435 2983 480 3030 2)
517 2981 616 3023 vid.
637 2981 830 3026 Numer.
851 2985 919 3036 24,
942 2985 1006 3026 1⁸1.
1027 2996 1131 3040 sqq-

437 3041 482 3088 3)
517 3039 615 3082 Vid
636 3039 826 3084 Numer.
848 3043 916 3096 24,
939 3045 1002 3084 13.
1024 3044 1082 3088 cl.
1102 3047 1170 3100 22,
1193 3046 1256 3088 18.

439 3099 484 3150 a)
522 3097 618 3142 Vid-
641 3098 832 3146 Numer.
853 3103 921 3160 22,
939 3105 1004 3145 22.
1027 3116 1129 3162 sqq.
