2548 3485
1144 158 1282 204 car».
1336 158 1396 204 v.
1664 213 1671 220 ,
2124 156 2208 216 75
2229 107 2234 112 ᾖ

327 353 430 404 Hic
465 353 604 404 enim
641 351 841 403 Psaltes
875 353 1045 405 Deum
1073 351 1399 418 alloquitur.
1470 331 1797 414 ruffin-RS
1837 355 2045 445 'nna-DJ
2076 355 2211 417 1727

263 479 270 486 ·
329 437 785 556 qim-mm&
845 441 1083 554 :marg
1123 441 1210 524 ιώ
1251 465 1491 556 namt-31
1487 419 1686 552 ηξῗν
1726 440 1785 543 “2
1826 468 1987 528 rit-¹:
2031 421 2219 558 09ῑοῖ

328 582 440 665 '3²79
480 578 646 666 ῗΓὶΠῌ
689 576 936 666 ’ῆῖζίᾟΠἸ
983 577 1199 668 ῚΠΒΒΠ
1236 529 1457 654 Ἱῦῖΰζςω
1448 577 1773 642 ³⁰0¹'i'ssm'um
1804 533 1867 627 δῖ
1891 589 2081 627 m
2108 591 2216 628 Μ

323 669 570 732 voluisti,-
607 685 764 720 aures
789 672 924 720 mihi
940 643 1321 737 perfodietiffg
1362 670 1723 722 holocaustum
1754 675 1809 720 et
1823 673 2047 738 peccati·
2063 671 2214 722 obla-

327 749 522 798 tionem
537 761 643 797 non
651 749 891 813 petiisti5
928 753 1074 798 tuam
1093 748 1417 797 voluntatem
1444 750 1687 823 exsequi,
1726 750 1803 798 mi
1817 747 1996 813 Deus,
2035 747 2209 812 volui5

325 839 449 874 nam
477 825 567 875 lex
593 829 686 874 tua
715 828 798 874 eat
829 826 885 874 in
919 826 1051 882 meis
1086 825 1391 874 visum-ibus.
1463 824 1625 875 Vocat
1663 825 1816 890 igitur
1843 823 1983 876 illam
2008 830 2213 876 tantum

326 900 492 966 legem
514 902 608 952 Dei
621 904 649 964 ,'
675 915 808 966 quae
829 899 1112 952 visceribus
1131 900 1208 953 vel
1229 901 1395 952 menti
1409 901 1777 968 inscripta-est,
1822 909 1872 953 et
1900 901 1971 953 ab,
1992 915 2050 952 ea
2070 915 2213 953 cere-

320 969 526 1029 moni'a's
558 977 802 1040 ,secludin
845 992 966 1029 nam
994 992 1082 1029 eae
1114 978 1226 1029 solo
1255 979 1519 1040 instituto,
1552 985 1602 1029 et
1638 993 1742 1030 non
1780 977 1851 1030 ex'
1874 985 2056 1030 natura
2090 985 2215 1042 sunt

325 1053 520 1116 bonae,
563 1055 796 1121 adeoque
829 1069 1001 1120 neque
1039 1055 1302 1106 mentibus
1336 1056 1634 1124 inscriptae.
1705 1057 1915 1107 Praeter
1949 1055 2074 1107 haec
2112 1055 2211 1106 alia

326 1132 494 1182 adhuc
529 1133 582 1183 in
614 1131 872 1199 Scriptura
911 1132 1262 1198 reperiuntur,
1307 1145 1439 1196 quae
1478 1130 1614 1183 idem
1643 1138 1923 1192 testantur3
1951 1133 2057 1184 sed
2088 1132 2213 1183 haec

326 1209 430 1260 dno
452 1209 682 1260 attulisse
703 1207 908 1260 sufficit.
981 1211 1033 1261 6.
1073 1210 1225 1272 Quod
1255 1214 1428 1259 autem
1456 1210 1777 1262 ceremoniae
1801 1209 1931 1260 nihil
1960 1209 2026 1260 ad
2045 1208 2214 1260 heati-

325 1286 780 1349 tudinem-invent,
803 1286 894 1337 sed
916 1283 1057 1350 qnod
1075 1290 1276 1344 tantum
1296 1286 1497 1352 imperii
1518 1292 1897 1352 temporaneam
1918 1285 2211 1338 felicitatem

324 1364 624 1429 respiciant,
664 1363 817 1414 etiam
847 1377 904 1413 ex
931 1364 1048 1428 ipsa
1068 1363 1333 1428 Scriptura
1352 1368 1581 1425 constat,
1623 1378 1753 1428 quae
1782 1378 1875 1429 pro
1905 1364 2207 1414 ceremoniis

269 1505 276 1511 ι
325 1439 582 1494 nihilnisi
609 1439 836 1506 corporis
865 1439 1134 1490 commoda
1162 1447 1212 1492 et
1242 1439 1450 1491 delicias
1469 1441 1751 1507 promittit,
1792 1448 1842 1490 et
1857 1455 1952 1506 pro
1972 1440 2079 1490 sola
2102 1441 2210 1506 lege

323 1515 495 1569 divina
513 1516 785 1568 universali
807 1514 1196 1568 beatitudinem.
1252 1519 1314 1568 In
1335 1519 1567 1583 quinque
1587 1518 1723 1568 enim
1743 1515 1907 1580 libris,
1934 1517 2023 1581 qui
2044 1518 2209 1568 Mosis

323 1593 473 1660 vulgo
494 1592 757 1655 dicuntur,
798 1593 1104 1655 nihilaliud,
1145 1599 1376 1661 utsupra
1398 1595 1636 1656 diximu3‚
1678 1594 2005 1660 promittitur,
2052 1607 2208 1658 quam
2290 1667 2297 1674 ι

323 1669 448 1722 haec
486 1677 812 1736 temporanea
847 1669 1092 1733 felicitas,
1133 1683 1322 1737 nempe
1355 1671 1578 1724 honores
1608 1672 1717 1724 sive
1734 1664 1909 1732 Tama,
1947 1671 2205 1730 victoriae,

323 1748 558 1810 divitiae,
596 1749 808 1801 deliciae
847 1756 898 1799 et
932 1748 1187 1800 valetudo.
1259 1749 1312 1800 7.
1349 1750 1418 1801 Et
1453 1752 1689 1816 quamvis
1726 1752 1958 1815 quinque
1987 1748 2062 1799 illi
2090 1746 2209 1798 libri

320 1832 522 1893 praeter
546 1826 865 1877 ceremonias
895 1825 1057 1877 multa
1083 1824 1296 1877 moralia
1331 1828 1651 1889 contineant,
1691 1826 1816 1877 haec
1853 1834 2024 1876 tamen
2064 1826 2113 1874 in
2144 1824 2209 1875 iis

321 1918 426 1953 non
458 1904 783 1958 continentur
809 1910 1053 1967 tanquam
1081 1903 1401 1954 documenta
1413 1904 1623 1955 moralia
1644 1901 1886 1954 omnibus
1906 1900 2207 1953 hominibus

320 1980 662 2052 universalia,
701 1979 797 2030 sed
823 1986 1065 2046 tanquam
1096 1980 1337 2031 mandata
1364 1980 1430 2030 ad
1457 1987 1665 2045 captum
1686 1986 1736 2030 et
1754 1980 2021 2045 ingenium
2042 1978 2206 2037 solius

319 2056 586 2109 Hebraeae
623 2057 848 2107 nationis
885 2058 1102 2109 maxime
1141 2057 1550 2120 accommodata,
1610 2064 1662 2107 et
1707 2072 1839 2123 quae
1886 2056 2013 2107 adeo
2054 2058 2205 2106 etiam

320 2134 484 2185 solius
515 2134 716 2200 imperii
742 2134 1011 2185 utilitatem
1049 2140 1302 2201 spectant.
1374 2134 1469 2185 Ex.
1498 2148 1574 2199 gr.
1606 2134 1783 2186 Moses
1821 2146 1922 2183 non
1962 2138 2205 2201 tanquam

320 2204 496 2262 doc'tor
513 2216 604 2262 aut
623 2201 869 2277 propheta
889 2210 1108 2263 ludaeos
1128 2210 1294 2270 docet,
1316 2224 1381 2261 ne
1400 2211 1632 2261 occidant
1652 2224 1823 2275 neque
1843 2210 2092 2274 furentur,
2112 2209 2206 2259 sed

318 2286 446 2339 haec
469 2294 718 2353 tanquam
750 2287 1011 2355 legislator
1039 2295 1089 2339 et
1116 2289 1357 2353 princeps
1386 2286 1556 2348 iubet;
1597 2301 1701 2338 non
1730 2287 1869 2339 enim
1898 2286 2205 2340 documenta

317 2368 515 2416 ratione
543 2364 876 2431 comprobat,
915 2364 1007 2415 sed
1029 2365 1261 2417 iussibus
1283 2379 1503 2431 poenam
1521 2364 1691 2425 addit,
1735 2378 1865 2430 quae
1882 2378 1977 2431 pro
2000 2365 2207 2429 ingenio

318 2442 732 2507 uniuscuiusque
777 2442 998 2493 nationis
1043 2442 1234 2493 variare
1280 2450 1449 2509 potest
1482 2450 1535 2493 et
1568 2440 1750 2505 debet,
1805 2448 1865 2493 ut
1898 2442 2205 2509 experientia

318 2518 446 2569 satis
473 2517 665 2569 docuit.
739 2521 793 2571 8.
831 2520 918 2571 Sic
945 2519 1098 2569 etiam
1127 2520 1332 2571 iussum
1354 2520 1419 2571 de
1439 2534 1541 2571 non
1560 2518 1935 2571 committendo
1954 2519 2205 2571 adulterio

319 2594 501 2645 solius·
523 2595 834 2661 reipublicae
870 2602 922 2645 et
957 2595 1158 2662 imperii
1197 2596 1466 2649 utilitatem
1508 2598 1734 2663 respicit.
1806 2597 1937 2649 Nam
1966 2598 2013 2647 si
2040 2597 2203 2647 docu-

318 2678 553 2723 mentum
591 2673 780 2724 morale
819 2672 1002 2724 docere
1040 2674 1317 2735 voluisset,
1374 2672 1512 2739 quod
1550 2689 1653 2725 non
1690 2675 1854 2725 solam
1893 2671 2213 2738 reipublicae-

317 2749 588 2800 ntilitatem
604 2788 618 2810 ,
651 2749 742 2800 sed
765 2750 920 2801 animi
943 2750 1360 2817 tranquillitatem
1382 2758 1432 2802 et
1452 2766 1619 2802 veram
1642 2751 2055 2814 uniuscuiusque
2080 2748 2205 2800 bea-

316 2825 592 2877 titudinem
610 2827 911 2893 respiceret,
954 2834 1064 2878 tum
1094 2842 1196 2878 non
1223 2834 1425 2879 tantum
1446 2829 1695 2879 actionem
1714 2835 1969 2879 externam
1986 2865 1999 2887 ,
2040 2826 2133 2877 sed
2154 2834 2204 2877 et

315 2904 490 2969 ipsum
509 2904 670 2955 animi
701 2918 1014 2956 consensum
1043 2904 1335 2969 damnaret,
1376 2912 1434 2955 ut
1464 2905 1699 2958 Christus
1726 2903 1869 2966 fecit,
1911 2903 2002 2969 qui
2031 2903 2201 2955 docu-

317 2988 496 3032 menta·
523 2980 831 3035 universalia
867 2988 1070 3033 tantnm
1106 2982 1298 3035 docuit.
1371 2980 1503 3042 Vide
1527 2982 1713 3037 Matth.
1746 2994 1859 3049 cap.
1884 2982 1935 3033 5.
1957 2990 2089 3033 vers.
2112 2980 2202 3036 28.

419 3126 460 3175 ⁸)
493 3124 578 3170 Est
593 3124 780 3182 phrasis
797 3126 856 3171 ad
873 3124 1231 3182 significandum
1244 3124 1621 3181 perceptionem
1678 3119 1763 3177 sp.
1786 3125 1809 3148 ⁸*
