2548 3485
1117 161 1256 208 cai».
1308 163 1349 208 1.
1843 212 1851 220 .
2092 157 2171 217 31

287 337 548 405 ignorare.
620 341 912 392 Potuissem
933 339 1174 405 quidem,
1208 345 1266 390 ut
1282 338 1401 402 alii,
1440 340 1638 402 dicere,
1676 353 1768 406 per
1782 340 1881 392 Dei
1898 341 2179 406 potentiam

290 415 488 470 factum
509 415 699 477 fuisse;
723 423 944 468 attamen
965 417 1152 483 garrire
1171 416 1389 470 viderer.
1445 419 1576 469 Nam
1595 417 1733 468 idem
1748 422 1910 479 esset,
1931 431 1993 468 ac
2009 417 2057 468 si
2075 425 2181 468 ter-

289 493 438 544 mino
465 491 642 558 aliquo
667 493 1102 545 transcendentali
1130 493 1347 546 formam
1373 492 1595 544 alicuius
1622 495 1695 546 rei
1723 493 1999 560 singularis
2027 495 2180 549 velim

293 569 564 636 explicare.
637 570 826 622 Omnia
855 572 993 622 enim
1025 585 1113 636 per
1128 571 1224 621 Dei
1254 572 1533 637 potentiam
1565 569 1856 623 factasunt.
1926 572 2039 622 Imo
2060 573 2182 636 quia

295 655 514 700 naturae
539 649 768 712 potentia
797 646 940 698 nulla
959 655 1038 698 est
1055 648 1156 698 nisi
1175 649 1287 713 ipsa
1304 648 1403 700 Dei
1422 649 1645 712 potentia
1662 684 1677 709 ,
1716 655 1912 700 certum
1932 655 2043 710 est,
2083 663 2181 700 nos

297 733 516 776 eatenus
533 725 631 775 Dei
650 726 932 791 potentiam
951 738 1054 776 non
1075 725 1388 790 intelligere,
1430 732 1688 789 quatenus
1716 739 1901 776 causas
1923 726 2181 776 naturales

294 805 627 868 ignoramus;
665 801 899 867 adeoque
925 802 1082 854 stulte
1111 801 1175 852 ad
1205 801 1423 852 eandem
1451 802 1544 852 Dei
1574 802 1857 867 potentiam
1883 803 2178 865 recurritur,

297 879 508 944 quando
528 879 600 930 rei
621 878 846 930 alicuius
865 893 1075 931 causam
1095 878 1377 930 naturalem
1395 916 1409 938 ,
1441 876 1537 928 hoc
1557 885 1636 928 est
1650 917 1665 940 ,
1694 879 1861 944 ipsam
1878 880 1975 931 Dei
1994 887 2183 946 poten-

296 959 425 1008 tiam
459 957 779 1022 ignoramus·
851 957 1044 1007 Verum
1082 970 1176 1008 nec
1211 955 1365 1008 nobis
1400 956 1505 1007 iam
1540 969 1675 1020 opus
1710 962 1817 1018 est,
1856 957 2183 1023 propheticae

296 1034 608 1100 cognitionis
627 1046 836 1084 causam
857 1034 1008 1084 scire.
1081 1034 1212 1086 Nam
1227 1072 1242 1096 ,
1273 1033 1452 1084 utiam
1473 1032 1679 1096 monui,
1718 1031 1803 1084 hic
1824 1040 2025 1084 tantum
2042 1035 2184 1085 Scri-

297 1117 480 1176 pturae
500 1109 806 1161 documenta
826 1110 1129 1176 investigare
1147 1124 1413 1171 conamur,
1436 1116 1495 1160 ut
1514 1123 1574 1160 ex
1590 1110 1655 1160 iis
1670 1149 1683 1170 ,
1704 1117 1952 1176 tanquam
1972 1126 2031 1162 ex
2051 1112 2185 1162 datis

298 1196 513 1238 naturae
532 1226 545 1249 ‚
580 1195 752 1239 nostra
771 1187 1170 1247 concludamus;
1210 1187 1637 1239 documentorum
1658 1195 1831 1238 autem
1850 1202 2035 1240 causas
2056 1188 2185 1239 nihil

299 1279 567 1317 curamus,

404 1343 492 1393 45.
547 1342 726 1404 Quum
763 1341 938 1407 itaque
973 1340 1250 1407 prophetae
1290 1340 1669 1406 imaginationis
1706 1355 1803 1407 ope
1837 1343 1933 1392 Dei
1970 1343 2186 1394 revelata

299 1419 648 1485 perceperint,
691 1433 796 1470 nou
821 1417 1039 1472 dubium
1067 1425 1172 1479 est,
1211 1431 1305 1470 eos
1336 1417 1491 1469 multa
1518 1423 1654 1468 extra
1682 1417 1975 1470 intellectus
1993 1419 2185 1470 limites

301 1496 564 1562 percipere
601 1495 856 1560 potuisse.
925 1496 1058 1548 Nam
1097 1509 1157 1546 ex
1193 1495 1363 1547 verbis
1400 1502 1451 1545 et
1479 1494 1791 1560 imaginibus
1824 1496 1973 1559 longe
2010 1494 2186 1560 plures

299 1574 446 1626 ideae
465 1574 706 1640 componi
726 1579 948 1638 possunt
960 1609 976 1633 ,
1015 1586 1172 1638 quam
1191 1586 1250 1624 ex
1267 1572 1395 1626 solis
1416 1574 1481 1624 iis
1503 1573 1767 1638 principiis
1784 1579 1837 1624 et
1866 1571 2184 1634 notionibuS,

299 1649 502 1716 quibus
517 1656 622 1700 tota
643 1655 820 1702 nostra
839 1649 1088 1700 naturalis
1109 1651 1333 1714 cognitio
1350 1651 1743 1716 superstruitur.

405 1729 494 1781 46.
529 1728 680 1779 Patet
707 1725 924 1788 deinde,
963 1739 1056 1777 cur
1083 1726 1360 1793 prophetae
1389 1728 1561 1780 omnia
1591 1726 1696 1779 fere
1723 1725 2011 1793 parabolice
2030 1734 2082 1779 et
2100 1739 2191 1778 ae-

303 1806 582 1870 nigmatice
609 1805 934 1871 perceperint
959 1812 1013 1855 et
1040 1804 1313 1857 docuerint
1336 1812 1391 1856 et
1416 1806 1590 1857 omnia
1617 1804 1907 1871 spiritualia
1946 1820 2191 1871 corpora·-

303 1883 422 1933 liter
457 1883 826 1949 expresserint:
882 1881 1010 1933 baec
1047 1884 1186 1933 enim
1223 1882 1396 1935 omnia
1432 1896 1551 1933 cum
1590 1892 1771 1935 natura
1808 1884 2193 1948 imaginationis

303 1960 472 2025 magis
499 1960 832 2015 conveniunt.
903 1960 1010 2012 Nec
1037 1959 1140 2011 iam
1169 1958 1507 2021 mirabimur,-
1540 1974 1635 2011 cur
1662 1960 1926 2026 Scriptura
1952 1961 2028 2011 vel
2068 1975 2192 2026 pro-

304 2038 490 2104 phetae
517 2038 645 2089 adeo
677 2038 956 2103 improprie
985 2044 1034 2089 et
1061 2037 1283 2089 obscure
1310 2036 1375 2089 de
1400 2036 1497 2088 Dei
1528 2037 1717 2101 spiritu
1753 2037 1859 2089 sive
1895 2045 2067 2089 mente
2102 2038 2190 2088 lo-

303 2122 549 2180 quantur,
575 2121 632 2165 ut
647 2116 860 2167 Numer.
885 2128 1000 2181 cap.
1017 2115 1101 2167 11.
1123 2127 1172 2163 v.
1188 2113 1273 2167 17.
1294 2120 1346 2164 et
1368 2114 1389 2165 1
1412 2115 1613 2177 Regum
1635 2127 1749 2178 cap.
1766 2116 1854 2167 22.
1876 2129 1925 2165 v.
1948 2116 2034 2167 21.
2056 2121 2187 2176 etc.;

303 2191 498 2244 deinde
534 2191 674 2257 quod
709 2192 972 2245 Michaeas
991 2190 1044 2257 ¹)
1081 2192 1252 2243 Deum
1291 2190 1589 2251 sedentem,
1626 2189 1809 2241 Daniel
1825 2190 1881 2257 ²)
1918 2199 2092 2243 autem
2133 2200 2193 2243 ut

305 2283 487 2319 senem
515 2268 748 2321 vestibus
777 2268 912 2321 albis
941 2268 1212 2329 indutum,
1251 2268 1487 2319 Ezechiel
1516 2268 1635 2319 vero
1652 2265 1809 2319 veluti
1828 2269 2001 2334 ignem
2018 2268 2099 2336 ³),
2144 2276 2195 2320 et

307 2346 402 2411 qui
423 2344 628 2399 Christo
657 2346 894 2407 aderant,
935 2346 1176 2411 spiritum
1205 2350 1445 2397 sanctum
1474 2351 1533 2395 ut
1550 2342 1846 2395 columbam
1866 2346 2191 2399 descenden-

307 2431 416 2475 tem
431 2422 505 2489 ⁴),
524 2423 744 2489 >apostoli
765 2438 884 2474 vero
905 2430 962 2473 ut
979 2422 1182 2488 linguas
1202 2422 1380 2488 igneas
1397 2422 1451 2489 ⁵)
1467 2460 1481 2482 ,
1504 2429 1553 2473 et
1571 2420 1765 2474 Paulus
1785 2421 2009 2490 denique
2027 2440 2193 2491 quum

201 2547 210 2554 .
309 2501 456 2566 prius
475 2508 869 2562 converteretur,
909 2499 1078 2551 lucem
1099 2513 1339 2563 magnam
1360 2498 1541 2551 viderit
1555 2500 1633 2567 ὅ).
1701 2502 1847 2553 Haec
1864 2503 2000 2553 euim
2021 2506 2193 2555 omnia

305 2591 428 2629 eum
456 2577 752 2643 vulgaribus
779 2577 844 2629 de
860 2578 972 2627 Deo
991 2583 1041 2627 et
1061 2575 1335 2641 spiritibus
1354 2577 1813 2642 imaginationibus
1834 2578 1987 2646 plane
2006 2596 2195 2633 conve-

309 2656 481 2707 niunt.
553 2654 638 2707 47.
675 2655 914 2721 Denique
945 2655 1188 2718 quoniam
1217 2655 1515 2720 imaginatio
1542 2670 1669 2721 vaga
1696 2663 1847 2708 estet
1870 2657 2190 2723 inconstans,

415 2828 458 2876 a)
495 2825 594 2869 Vid.
619 2827 640 2865 1
660 2824 772 2879 Reg.
791 2826 860 2881 22,
876 2824 944 2881 ,¹⁹-
1001 2822 1070 2868 (ΣΙ.
1093 2823 1270 2869 lesaias
1292 2835 1393 2879 cap.
1414 2825 1456 2866 6.
1476 2834 1515 2867 v.
1538 2826 1575 2865 1.

413 2886 457 2935 2)
496 2884 612 2929 Dan.
636 2896 677 2929 c.
697 2886 740 2927 1.
759 2897 801 2928 v.
822 2886 864 2925 9.

413 2946 458 2991 3)
495 2944 664 2989 Ezeeh.
688 2956 728 2989 c.
751 2947 789 2985 1.
810 2956 851 2987 v.
871 2947 912 2987 4.
1133 2976 1137 2981 ,

413 3006 460 3056 4)
497 3004 659 3049 Matth.
682 3016 722 3047 c.
742 3006 784 3045 3.
804 3016 846 3049 v.
868 3005 930 3047 16.
989 3003 1087 3049 lob.
1110 3016 1149 3049 c.
1173 3006 1210 3046 1.
1235 3016 1273 3048 v.
1296 3004 1361 3044 32.

415 3066 460 3116 5)
496 3066 594 3109 Aet.
615 3076 655 3107 c.
676 3067 718 3105 2.
737 3076 781 3107 v.
799 3066 840 3104 3.

415 3126 462 3177 6)
497 3126 594 3173 Act.
615 3126 657 3181 9,
677 3126 718 3173 3.
755 3126 824 3182 22,
841 3126 882 3171 6.
