<?xml version="1.0" encoding="UTF-8"?>
<!DOCTYPE html PUBLIC "-//W3C//DTD XHTML 1.0 Transitional//EN"
    "http://www.w3.org/TR/xhtml1/DTD/xhtml1-transitional.dtd">
<html xmlns="http://www.w3.org/1999/xhtml" xml:lang="en" lang="en">
 <head>
  <title>
</title>
<meta http-equiv="Content-Type" content="text/html;charset=utf-8" />
  <meta name='ocr-system' content='tesseract 3.04.00' />
  <meta name='ocr-capabilities' content='ocr_page ocr_carea ocr_par ocr_line ocrx_word'/>
</head>
<body>
  <div class='ocr_page' id='page_1' title='image "benedictidespin05brudgoog_0118.png"; bbox 0 0 2548 3485; ppageno 0'>
   <div class='ocr_carea' id='block_1_1' title="bbox 372 105 1856 199">
    <p class='ocr_par' dir='ltr' id='par_1_1' title="bbox 372 105 1856 199">
     <span class='ocr_line' id='line_1_1' title="bbox 372 105 1856 199; baseline -0.001 -21"><span class='ocrx_word' id='word_1_1' title='bbox 372 127 454 187; x_wconf 81' lang='grc'><strong>94</strong></span> <span class='ocrx_word' id='word_1_2' title='bbox 772 130 1159 177; x_wconf 61' lang='lat' dir='ltr'><strong>&#39;rueramus</strong></span> <span class='ocrx_word' id='word_1_3' title='bbox 1198 105 1856 199; x_wconf 64' lang='grc' dir='ltr'><strong>ΤηΕοιοοιοο-Ροιὶτ.</strong></span> 
     </span>
    </p>
   </div>
   <div class='ocr_carea' id='block_1_2' title="bbox 363 308 2252 2843">
    <p class='ocr_par' dir='ltr' id='par_1_2' title="bbox 364 308 2252 2303">
     <span class='ocr_line' id='line_1_2' title="bbox 371 308 2250 378; baseline 0.001 -18"><span class='ocrx_word' id='word_1_4' title='bbox 371 310 619 362; x_wconf 78' lang='lat' dir='ltr'><strong>rationem</strong></span> <span class='ocrx_word' id='word_1_5' title='bbox 640 308 843 362; x_wconf 80' lang='lat' dir='ltr'><strong>habere.</strong></span> <span class='ocrx_word' id='word_1_6' title='bbox 916 309 1001 360; x_wconf 82' lang='lat'><strong>35.</strong></span> <span class='ocrx_word' id='word_1_7' title='bbox 1040 309 1251 361; x_wconf 81' lang='lat' dir='ltr'><strong>Constat</strong></span> <span class='ocrx_word' id='word_1_8' title='bbox 1270 309 1442 373; x_wconf 77' lang='lat' dir='ltr'><strong>itaque</strong></span> <span class='ocrx_word' id='word_1_9' title='bbox 1461 309 1614 360; x_wconf 79' lang='lat' dir='ltr'><strong>etium</strong></span> <span class='ocrx_word' id='word_1_10' title='bbox 1635 323 1695 360; x_wconf 84' lang='lat' dir='ltr'><strong>ex</strong></span> <span class='ocrx_word' id='word_1_11' title='bbox 1715 310 1830 378; x_wconf 76' lang='lat' dir='ltr'><strong>ipsa</strong></span> <span class='ocrx_word' id='word_1_12' title='bbox 1847 310 2126 376; x_wconf 72' lang='lat' dir='ltr'><strong>Scriptura,</strong></span> <span class='ocrx_word' id='word_1_13' title='bbox 2148 312 2250 362; x_wconf 87' lang='lat' dir='ltr'><strong>mi·-</strong></span> 
     </span>
     <span class='ocr_line' id='line_1_3' title="bbox 371 384 2250 452; baseline 0.001 -14"><span class='ocrx_word' id='word_1_14' title='bbox 371 385 545 438; x_wconf 83' lang='lat' dir='ltr'><strong>racula</strong></span> <span class='ocrx_word' id='word_1_15' title='bbox 565 400 733 438; x_wconf 78' lang='lat' dir='ltr'><strong>veram</strong></span> <span class='ocrx_word' id='word_1_16' title='bbox 748 387 843 440; x_wconf 85' lang='lat' dir='ltr'><strong>Dei</strong></span> <span class='ocrx_word' id='word_1_17' title='bbox 862 385 1203 452; x_wconf 81' lang='lat' dir='ltr'><strong>coguitionem</strong></span> <span class='ocrx_word' id='word_1_18' title='bbox 1225 399 1329 436; x_wconf 88' lang='lat' dir='ltr'><strong>uon</strong></span> <span class='ocrx_word' id='word_1_19' title='bbox 1350 384 1489 448; x_wconf 79' lang='lat' dir='ltr'><strong>dere,</strong></span> <span class='ocrx_word' id='word_1_20' title='bbox 1511 400 1604 437; x_wconf 89' lang='lat' dir='ltr'><strong>nec</strong></span> <span class='ocrx_word' id='word_1_21' title='bbox 1615 386 1711 436; x_wconf 85' lang='lat' dir='ltr'><strong>Dei</strong></span> <span class='ocrx_word' id='word_1_22' title='bbox 1729 385 2098 452; x_wconf 85' lang='lat' dir='ltr'><strong>providentiam</strong></span> <span class='ocrx_word' id='word_1_23' title='bbox 2119 388 2250 439; x_wconf 83' lang='lat' dir='ltr'><strong>clare</strong></span> 
     </span>
     <span class='ocr_line' id='line_1_4' title="bbox 370 462 2250 530; baseline 0.002 -17"><span class='ocrx_word' id='word_1_24' title='bbox 370 462 572 514; x_wconf 89' lang='lat' dir='ltr'><strong>docere.</strong></span> <span class='ocrx_word' id='word_1_25' title='bbox 647 462 799 526; x_wconf 87' lang='lat' dir='ltr'><strong>Quod</strong></span> <span class='ocrx_word' id='word_1_26' title='bbox 818 469 991 514; x_wconf 85' lang='lat' dir='ltr'><strong>autem</strong></span> <span class='ocrx_word' id='word_1_27' title='bbox 1011 462 1062 513; x_wconf 87' lang='lat' dir='ltr'><strong>in</strong></span> <span class='ocrx_word' id='word_1_28' title='bbox 1085 463 1346 528; x_wconf 80' lang='lat' dir='ltr'><strong>Scriptura</strong></span> <span class='ocrx_word' id='word_1_29' title='bbox 1361 477 1518 528; x_wconf 78' lang='lat' dir='ltr'><strong>saepe</strong></span> <span class='ocrx_word' id='word_1_30' title='bbox 1538 462 1805 528; x_wconf 85' lang='lat' dir='ltr'><strong>reperitur,</strong></span> <span class='ocrx_word' id='word_1_31' title='bbox 1825 465 1996 514; x_wconf 86' lang='lat' dir='ltr'><strong>Deum</strong></span> <span class='ocrx_word' id='word_1_32' title='bbox 2015 471 2250 530; x_wconf 82' lang='lat' dir='ltr'><strong>portenta</strong></span> 
     </span>
     <span class='ocr_line' id='line_1_5' title="bbox 369 539 2246 606; baseline 0.002 -16"><span class='ocrx_word' id='word_1_33' title='bbox 369 540 556 604; x_wconf 79' lang='lat' dir='ltr'><strong>fecisse</strong></span> <span class='ocrx_word' id='word_1_34' title='bbox 571 579 585 602; x_wconf 89' lang='lat'><strong>,</strong></span> <span class='ocrx_word' id='word_1_35' title='bbox 622 548 681 591; x_wconf 87' lang='lat' dir='ltr'><strong>ut</strong></span> <span class='ocrx_word' id='word_1_36' title='bbox 705 539 1004 593; x_wconf 83' lang='lat' dir='ltr'><strong>homiuibus</strong></span> <span class='ocrx_word' id='word_1_37' title='bbox 1034 540 1401 601; x_wconf 78' lang='lat' dir='ltr'><strong>innotesceret,</strong></span> <span class='ocrx_word' id='word_1_38' title='bbox 1444 540 1576 590; x_wconf 84' lang='lat' dir='ltr'><strong>utin</strong></span> <span class='ocrx_word' id='word_1_39' title='bbox 1594 540 1756 592; x_wconf 79' lang='lat' dir='ltr'><strong>Exodi</strong></span> <span class='ocrx_word' id='word_1_40' title='bbox 1776 554 1890 606; x_wconf 87' lang='lat' dir='ltr'><strong>cap.</strong></span> <span class='ocrx_word' id='word_1_41' title='bbox 1915 543 1999 594; x_wconf 88' lang='grc'><strong>10.</strong></span> <span class='ocrx_word' id='word_1_42' title='bbox 2018 555 2149 594; x_wconf 79' lang='lat' dir='ltr'><strong>vers.</strong></span> <span class='ocrx_word' id='word_1_43' title='bbox 2171 545 2246 599; x_wconf 80' lang='lat'><strong>2..</strong></span> 
     </span>
     <span class='ocr_line' id='line_1_6' title="bbox 368 616 2250 690; baseline 0.001 -22"><span class='ocrx_word' id='word_1_44' title='bbox 368 617 537 668; x_wconf 85' lang='lat' dir='ltr'><strong>Deum</strong></span> <span class='ocrx_word' id='word_1_45' title='bbox 556 617 836 684; x_wconf 75' lang='lat' dir='ltr'><strong>Aegyptios</strong></span> <span class='ocrx_word' id='word_1_46' title='bbox 857 617 1083 668; x_wconf 84' lang='lat' dir='ltr'><strong>iliusisse</strong></span> <span class='ocrx_word' id='word_1_47' title='bbox 1102 623 1151 668; x_wconf 85' lang='lat' dir='ltr'><strong>et</strong></span> <span class='ocrx_word' id='word_1_48' title='bbox 1170 617 1315 682; x_wconf 78' lang='lat' dir='ltr'><strong>sigua</strong></span> <span class='ocrx_word' id='word_1_49' title='bbox 1336 617 1418 666; x_wconf 87' lang='lat' dir='ltr'><strong>sui</strong></span> <span class='ocrx_word' id='word_1_50' title='bbox 1439 616 1666 677; x_wconf 86' lang='lat' dir='ltr'><strong>dedisse,</strong></span> <span class='ocrx_word' id='word_1_51' title='bbox 1705 623 1764 667; x_wconf 91' lang='lat' dir='ltr'><strong>ut</strong></span> <span class='ocrx_word' id='word_1_52' title='bbox 1781 617 2039 668; x_wconf 69' lang='lat' dir='ltr'><strong>Isreeiitae</strong></span> <span class='ocrx_word' id='word_1_53' title='bbox 2057 632 2250 690; x_wconf 77' lang='lat' dir='ltr'><strong>cogno-—</strong></span> 
     </span>
     <span class='ocr_line' id='line_1_7' title="bbox 369 693 2249 763; baseline 0.001 -19"><span class='ocrx_word' id='word_1_54' title='bbox 369 701 573 745; x_wconf 85' lang='lat' dir='ltr'><strong>scerent</strong></span> <span class='ocrx_word' id='word_1_55' title='bbox 600 707 719 744; x_wconf 91' lang='lat' dir='ltr'><strong>eum</strong></span> <span class='ocrx_word' id='word_1_56' title='bbox 748 707 864 744; x_wconf 86' lang='lat' dir='ltr'><strong>esse</strong></span> <span class='ocrx_word' id='word_1_57' title='bbox 893 696 1086 754; x_wconf 84' lang='lat' dir='ltr'><strong>Deum;</strong></span> <span class='ocrx_word' id='word_1_58' title='bbox 1124 693 1247 763; x_wconf 80' lang='lat' dir='ltr'><strong>inde</strong></span> <span class='ocrx_word' id='word_1_59' title='bbox 1271 701 1444 745; x_wconf 80' lang='lat' dir='ltr'><strong>tamen</strong></span> <span class='ocrx_word' id='word_1_60' title='bbox 1475 707 1576 744; x_wconf 93' lang='lat' dir='ltr'><strong>non</strong></span> <span class='ocrx_word' id='word_1_61' title='bbox 1615 693 1877 758; x_wconf 88' lang='lat' dir='ltr'><strong>sequitur,</strong></span> <span class='ocrx_word' id='word_1_62' title='bbox 1917 695 2162 746; x_wconf 75' lang='lat' dir='ltr'><strong>miracula</strong></span> <span class='ocrx_word' id='word_1_63' title='bbox 2197 695 2249 746; x_wconf 88' lang='lat' dir='ltr'><strong>id</strong></span> 
     </span>
     <span class='ocr_line' id='line_1_8' title="bbox 368 768 2247 837; baseline 0.001 -16"><span class='ocrx_word' id='word_1_64' title='bbox 368 783 539 821; x_wconf 77' lang='lat' dir='ltr'><strong>revera</strong></span> <span class='ocrx_word' id='word_1_65' title='bbox 568 769 776 831; x_wconf 84' lang='lat' dir='ltr'><strong>docere,</strong></span> <span class='ocrx_word' id='word_1_66' title='bbox 797 771 907 821; x_wconf 85' lang='lat' dir='ltr'><strong>-sed</strong></span> <span class='ocrx_word' id='word_1_67' title='bbox 937 777 1133 821; x_wconf 79' lang='lat' dir='ltr'><strong>tantum</strong></span> <span class='ocrx_word' id='word_1_68' title='bbox 1160 771 1424 836; x_wconf 81' lang='lat' dir='ltr'><strong>sequitur,</strong></span> <span class='ocrx_word' id='word_1_69' title='bbox 1463 771 1682 822; x_wconf 84' lang='lat' dir='ltr'><strong>Iudaeos</strong></span> <span class='ocrx_word' id='word_1_70' title='bbox 1712 771 1838 820; x_wconf 78' lang='lat' dir='ltr'><strong>tales</strong></span> <span class='ocrx_word' id='word_1_71' title='bbox 1860 768 2108 824; x_wconf 85' lang='lat' dir='ltr'><strong>habuisse</strong></span> <span class='ocrx_word' id='word_1_72' title='bbox 2127 773 2247 837; x_wconf 86' lang='lat' dir='ltr'><strong>opi—</strong></span> 
     </span>
     <span class='ocr_line' id='line_1_9' title="bbox 369 845 2246 915; baseline 0.001 -17"><span class='ocrx_word' id='word_1_73' title='bbox 369 849 578 908; x_wconf 86' lang='lat' dir='ltr'><strong>niones,</strong></span> <span class='ocrx_word' id='word_1_74' title='bbox 617 853 677 897; x_wconf 86' lang='lat' dir='ltr'><strong>ut</strong></span> <span class='ocrx_word' id='word_1_75' title='bbox 704 846 851 899; x_wconf 75' lang='lat' dir='ltr'><strong>facile</strong></span> <span class='ocrx_word' id='word_1_76' title='bbox 870 848 934 898; x_wconf 89' lang='lat' dir='ltr'><strong>iis</strong></span> <span class='ocrx_word' id='word_1_77' title='bbox 956 847 1215 898; x_wconf 78' lang='lat' dir='ltr'>miraculis</span> <span class='ocrx_word' id='word_1_78' title='bbox 1236 845 1469 898; x_wconf 78' lang='lat' dir='ltr'><strong>convinci</strong></span> <span class='ocrx_word' id='word_1_79' title='bbox 1488 854 1722 913; x_wconf 83' lang='lat' dir='ltr'><strong>possent.</strong></span> <span class='ocrx_word' id='word_1_80' title='bbox 1796 849 1882 899; x_wconf 86' lang='grc'><strong>36.</strong></span> <span class='ocrx_word' id='word_1_81' title='bbox 1921 848 2088 915; x_wconf 83' lang='lat' dir='ltr'><strong>Supra</strong></span> <span class='ocrx_word' id='word_1_82' title='bbox 2108 850 2246 899; x_wconf 89' lang='lat' dir='ltr'><strong>enim</strong></span> 
     </span>
     <span class='ocr_line' id='line_1_10' title="bbox 367 920 2251 992; baseline 0.002 -18"><span class='ocrx_word' id='word_1_83' title='bbox 367 926 419 975; x_wconf 89' lang='lat' dir='ltr'><strong>in</strong></span> <span class='ocrx_word' id='word_1_84' title='bbox 440 924 604 990; x_wconf 79' lang='lat' dir='ltr'><strong>capite</strong></span> <span class='ocrx_word' id='word_1_85' title='bbox 622 925 850 976; x_wconf 85' lang='lat' dir='ltr'><strong>secundo</strong></span> <span class='ocrx_word' id='word_1_86' title='bbox 870 925 1001 976; x_wconf 76' lang='lat' dir='ltr'><strong>clere</strong></span> <span class='ocrx_word' id='word_1_87' title='bbox 1028 923 1354 975; x_wconf 82' lang='lat' dir='ltr'><strong>ostendimus</strong></span> <span class='ocrx_word' id='word_1_88' title='bbox 1374 920 1455 992; x_wconf 78' lang='lat'><strong>¹&#39;)-‚</strong></span> <span class='ocrx_word' id='word_1_89' title='bbox 1497 925 1718 975; x_wconf 81' lang='lat' dir='ltr'><strong>rationes</strong></span> <span class='ocrx_word' id='word_1_90' title='bbox 1748 923 2104 990; x_wconf 77' lang='lat' dir='ltr'><strong>propheticeS,</strong></span> <span class='ocrx_word' id='word_1_91' title='bbox 2143 927 2251 978; x_wconf 85' lang='lat' dir='ltr'><strong>sive</strong></span> 
     </span>
     <span class='ocr_line' id='line_1_11' title="bbox 368 999 2252 1067; baseline 0.002 -15"><span class='ocrx_word' id='word_1_92' title='bbox 368 1014 503 1067; x_wconf 85' lang='lat' dir='ltr'><strong>quae</strong></span> <span class='ocrx_word' id='word_1_93' title='bbox 522 1016 581 1052; x_wconf 81' lang='lat' dir='ltr'><strong>ex</strong></span> <span class='ocrx_word' id='word_1_94' title='bbox 600 1001 901 1053; x_wconf 79' lang='lat' dir='ltr'><strong>revelatione</strong></span> <span class='ocrx_word' id='word_1_95' title='bbox 923 1002 1207 1053; x_wconf 79' lang='lat' dir='ltr'><strong>formentur</strong></span> <span class='ocrx_word' id='word_1_96' title='bbox 1222 1041 1236 1063; x_wconf 92' lang='lat'><strong>,</strong></span> <span class='ocrx_word' id='word_1_97' title='bbox 1276 1015 1392 1056; x_wconf 82' lang='lat' dir='ltr'><strong>non.</strong></span> <span class='ocrx_word' id='word_1_98' title='bbox 1409 1001 1522 1053; x_wconf 87' lang='lat' dir='ltr'><strong>elici</strong></span> <span class='ocrx_word' id='word_1_99' title='bbox 1552 1016 1612 1052; x_wconf 84' lang='lat' dir='ltr'><strong>ex</strong></span> <span class='ocrx_word' id='word_1_100' title='bbox 1630 999 1926 1052; x_wconf 86' lang='lat' dir='ltr'><strong>notionibus</strong></span> <span class='ocrx_word' id='word_1_101' title='bbox 1947 1003 2252 1055; x_wconf 81' lang='lat' dir='ltr'><strong>universali-</strong></span> 
     </span>
     <span class='ocr_line' id='line_1_12' title="bbox 368 1077 2252 1148; baseline 0.002 -19"><span class='ocrx_word' id='word_1_102' title='bbox 368 1078 469 1129; x_wconf 90' lang='lat' dir='ltr'><strong>bus</strong></span> <span class='ocrx_word' id='word_1_103' title='bbox 488 1084 539 1129; x_wconf 92' lang='lat' dir='ltr'><strong>et</strong></span> <span class='ocrx_word' id='word_1_104' title='bbox 556 1079 937 1138; x_wconf 77' lang='lat' dir='ltr'><strong>communibuS,</strong></span> <span class='ocrx_word' id='word_1_105' title='bbox 978 1077 1071 1129; x_wconf 87' lang='lat' dir='ltr'><strong>sed</strong></span> <span class='ocrx_word' id='word_1_106' title='bbox 1091 1093 1149 1128; x_wconf 81' lang='lat' dir='ltr'><strong>ex</strong></span> <span class='ocrx_word' id='word_1_107' title='bbox 1170 1080 1432 1129; x_wconf 86' lang='lat' dir='ltr'><strong>concessis</strong></span> <span class='ocrx_word' id='word_1_108' title='bbox 1447 1117 1462 1141; x_wconf 98' lang='lat'><strong>,</strong></span> <span class='ocrx_word' id='word_1_109' title='bbox 1503 1079 1742 1145; x_wconf 84' lang='lat' dir='ltr'><strong>quamvis</strong></span> <span class='ocrx_word' id='word_1_110' title='bbox 1760 1077 2023 1143; x_wconf 71' lang='lat' dir='ltr'><strong>absurdis,</strong></span> <span class='ocrx_word' id='word_1_111' title='bbox 2064 1087 2116 1131; x_wconf 90' lang='lat' dir='ltr'><strong>et</strong></span> <span class='ocrx_word' id='word_1_112' title='bbox 2135 1083 2252 1148; x_wconf 89' lang='lat' dir='ltr'><strong>opi-</strong></span> 
     </span>
     <span class='ocr_line' id='line_1_13' title="bbox 368 1153 2251 1220; baseline 0.003 -15"><span class='ocrx_word' id='word_1_113' title='bbox 368 1153 617 1206; x_wconf 81' lang='lat' dir='ltr'><strong>nionibus</strong></span> <span class='ocrx_word' id='word_1_114' title='bbox 636 1169 811 1206; x_wconf 87' lang='lat' dir='ltr'><strong>eorum</strong></span> <span class='ocrx_word' id='word_1_115' title='bbox 829 1194 843 1218; x_wconf 90' lang='lat'><strong>,</strong></span> <span class='ocrx_word' id='word_1_116' title='bbox 882 1153 1073 1220; x_wconf 84' lang='lat' dir='ltr'><strong>quibus</strong></span> <span class='ocrx_word' id='word_1_117' title='bbox 1094 1170 1175 1206; x_wconf 87' lang='lat' dir='ltr'><strong>res</strong></span> <span class='ocrx_word' id='word_1_118' title='bbox 1196 1156 1504 1216; x_wconf 79' lang='lat' dir='ltr'><strong>revelantur,</strong></span> <span class='ocrx_word' id='word_1_119' title='bbox 1525 1157 1631 1206; x_wconf 84' lang='lat' dir='ltr'><strong>sive</strong></span> <span class='ocrx_word' id='word_1_120' title='bbox 1653 1169 1786 1220; x_wconf 88' lang='lat' dir='ltr'><strong>quos</strong></span> <span class='ocrx_word' id='word_1_121' title='bbox 1803 1155 2020 1220; x_wconf 87' lang='lat' dir='ltr'><strong>spiritus</strong></span> <span class='ocrx_word' id='word_1_122' title='bbox 2039 1166 2251 1210; x_wconf 77' lang='lat' dir='ltr'><strong>sanctus</strong></span> 
     </span>
     <span class='ocr_line' id='line_1_14' title="bbox 370 1221 2252 1297; baseline 0.003 -15"><span class='ocrx_word' id='word_1_123' title='bbox 370 1233 667 1284; x_wconf 82' lang='lat' dir='ltr'><strong>convincere</strong></span> <span class='ocrx_word' id='word_1_124' title='bbox 688 1232 812 1293; x_wconf 78' lang='lat' dir='ltr'><strong>vult,</strong></span> <span class='ocrx_word' id='word_1_125' title='bbox 852 1231 991 1297; x_wconf 89' lang='lat' dir='ltr'><strong>quod</strong></span> <span class='ocrx_word' id='word_1_126' title='bbox 1010 1232 1187 1284; x_wconf 76' lang='lat' dir='ltr'><strong>multis</strong></span> <span class='ocrx_word' id='word_1_127' title='bbox 1206 1232 1456 1296; x_wconf 73' lang='lat' dir='ltr'><strong>exemplis</strong></span> <span class='ocrx_word' id='word_1_128' title='bbox 1475 1221 1844 1284; x_wconf 70' lang='lat' dir='ltr'><strong>iliustrevimus</strong></span> <span class='ocrx_word' id='word_1_129' title='bbox 1861 1239 1914 1282; x_wconf 87' lang='lat' dir='ltr'><strong>et</strong></span> <span class='ocrx_word' id='word_1_130' title='bbox 1929 1235 2084 1286; x_wconf 80' lang='lat' dir='ltr'><strong>etiam</strong></span> <span class='ocrx_word' id='word_1_131' title='bbox 2104 1237 2252 1288; x_wconf 86' lang='lat' dir='ltr'><strong>testi-</strong></span> 
     </span>
     <span class='ocr_line' id='line_1_15' title="bbox 368 1309 2252 1374; baseline 0.002 -14"><span class='ocrx_word' id='word_1_132' title='bbox 368 1309 542 1360; x_wconf 89' lang='lat' dir='ltr'><strong>monio</strong></span> <span class='ocrx_word' id='word_1_133' title='bbox 570 1309 745 1373; x_wconf 85' lang='lat' dir='ltr'><strong>Pauli,</strong></span> <span class='ocrx_word' id='word_1_134' title='bbox 787 1310 877 1374; x_wconf 81' lang='lat' dir='ltr'><strong>qni</strong></span> <span class='ocrx_word' id='word_1_135' title='bbox 914 1323 1033 1359; x_wconf 88' lang='lat' dir='ltr'><strong>cum</strong></span> <span class='ocrx_word' id='word_1_136' title='bbox 1060 1309 1271 1360; x_wconf 75' lang='lat' dir='ltr'><strong>Graecis</strong></span> <span class='ocrx_word' id='word_1_137' title='bbox 1303 1316 1415 1372; x_wconf 80' lang='lat' dir='ltr'><strong>erat</strong></span> <span class='ocrx_word' id='word_1_138' title='bbox 1441 1309 1670 1360; x_wconf 80' lang='lat' dir='ltr'><strong>Graecus</strong></span> <span class='ocrx_word' id='word_1_139' title='bbox 1695 1316 1744 1359; x_wconf 87' lang='lat' dir='ltr'><strong>et</strong></span> <span class='ocrx_word' id='word_1_140' title='bbox 1772 1324 1888 1360; x_wconf 87' lang='lat' dir='ltr'><strong>cum</strong></span> <span class='ocrx_word' id='word_1_141' title='bbox 1919 1311 2128 1363; x_wconf 84' lang='lat' dir='ltr'><strong>ludaeis</strong></span> <span class='ocrx_word' id='word_1_142' title='bbox 2158 1315 2252 1364; x_wconf 91' lang='lat' dir='ltr'><strong>lu-</strong></span> 
     </span>
     <span class='ocr_line' id='line_1_16' title="bbox 369 1386 2248 1454; baseline 0.003 -17"><span class='ocrx_word' id='word_1_143' title='bbox 369 1387 529 1438; x_wconf 81' lang='lat' dir='ltr'><strong>deeus</strong></span> <span class='ocrx_word' id='word_1_144' title='bbox 544 1387 620 1454; x_wconf 79' lang='lat'><strong>²).</strong></span> <span class='ocrx_word' id='word_1_145' title='bbox 692 1386 779 1440; x_wconf 79' lang='lat'><strong>3⁷.</strong></span> <span class='ocrx_word' id='word_1_146' title='bbox 816 1386 1008 1437; x_wconf 79' lang='lat' dir='ltr'><strong>Verum</strong></span> <span class='ocrx_word' id='word_1_147' title='bbox 1027 1388 1261 1451; x_wconf 76' lang='lat' dir='ltr'><strong>quamvis</strong></span> <span class='ocrx_word' id='word_1_148' title='bbox 1281 1386 1368 1436; x_wconf 81' lang='lat' dir='ltr'><strong>ilia</strong></span> <span class='ocrx_word' id='word_1_149' title='bbox 1387 1387 1632 1438; x_wconf 77' lang='lat' dir='ltr'><strong>miracula</strong></span> <span class='ocrx_word' id='word_1_150' title='bbox 1651 1386 1934 1453; x_wconf 73' lang='lat' dir='ltr'><strong>Aegyptios</strong></span> <span class='ocrx_word' id='word_1_151' title='bbox 1960 1395 2011 1439; x_wconf 90' lang='lat' dir='ltr'><strong>et</strong></span> <span class='ocrx_word' id='word_1_152' title='bbox 2027 1390 2248 1441; x_wconf 82' lang='lat' dir='ltr'><strong>Iudaeos</strong></span> 
     </span>
     <span class='ocr_line' id='line_1_17' title="bbox 370 1463 2250 1532; baseline 0.002 -18"><span class='ocrx_word' id='word_1_153' title='bbox 370 1477 429 1515; x_wconf 83' lang='lat' dir='ltr'><strong>ex</strong></span> <span class='ocrx_word' id='word_1_154' title='bbox 446 1465 559 1516; x_wconf 84' lang='lat' dir='ltr'><strong>suis</strong></span> <span class='ocrx_word' id='word_1_155' title='bbox 576 1463 1171 1527; x_wconf 78' lang='lat' dir='ltr'><strong>concessiscouvincere,</strong></span> <span class='ocrx_word' id='word_1_156' title='bbox 1203 1477 1306 1516; x_wconf 89' lang='lat' dir='ltr'><strong>nou</strong></span> <span class='ocrx_word' id='word_1_157' title='bbox 1327 1470 1498 1515; x_wconf 87' lang='lat' dir='ltr'><strong>tamen</strong></span> <span class='ocrx_word' id='word_1_158' title='bbox 1517 1477 1687 1515; x_wconf 83' lang='lat' dir='ltr'><strong>veram</strong></span> <span class='ocrx_word' id='word_1_159' title='bbox 1703 1465 1798 1515; x_wconf 85' lang='lat' dir='ltr'><strong>Dei</strong></span> <span class='ocrx_word' id='word_1_160' title='bbox 1817 1463 1984 1515; x_wconf 81' lang='lat' dir='ltr'><strong>ideam</strong></span> <span class='ocrx_word' id='word_1_161' title='bbox 2003 1472 2054 1516; x_wconf 91' lang='lat' dir='ltr'><strong>et</strong></span> <span class='ocrx_word' id='word_1_162' title='bbox 2071 1467 2250 1532; x_wconf 80' lang='lat' dir='ltr'><strong>cogni-</strong></span> 
     </span>
     <span class='ocr_line' id='line_1_18' title="bbox 366 1540 2245 1606; baseline 0.001 -14"><span class='ocrx_word' id='word_1_163' title='bbox 366 1542 559 1592; x_wconf 84' lang='lat' dir='ltr'><strong>tionem</strong></span> <span class='ocrx_word' id='word_1_164' title='bbox 590 1543 709 1593; x_wconf 79' lang='lat' dir='ltr'><strong>dare</strong></span> <span class='ocrx_word' id='word_1_165' title='bbox 738 1545 996 1606; x_wconf 78' lang='lat' dir='ltr'><strong>poterant,</strong></span> <span class='ocrx_word' id='word_1_166' title='bbox 1036 1540 1129 1591; x_wconf 84' lang='lat' dir='ltr'><strong>sed</strong></span> <span class='ocrx_word' id='word_1_167' title='bbox 1166 1546 1365 1590; x_wconf 78' lang='lat' dir='ltr'><strong>tuntum</strong></span> <span class='ocrx_word' id='word_1_168' title='bbox 1401 1541 1568 1592; x_wconf 77' lang='lat' dir='ltr'><strong>fecere</strong></span> <span class='ocrx_word' id='word_1_169' title='bbox 1582 1580 1596 1602; x_wconf 92' lang='lat'><strong>,</strong></span> <span class='ocrx_word' id='word_1_170' title='bbox 1634 1549 1696 1590; x_wconf 87' lang='lat' dir='ltr'><strong>ut</strong></span> <span class='ocrx_word' id='word_1_171' title='bbox 1729 1541 2094 1604; x_wconf 79' lang='lat' dir='ltr'><strong>concederent,</strong></span> <span class='ocrx_word' id='word_1_172' title='bbox 2135 1542 2245 1594; x_wconf 83' lang='lat' dir='ltr'><strong>dari</strong></span> 
     </span>
     <span class='ocr_line' id='line_1_19' title="bbox 366 1614 2240 1684; baseline 0.002 -16"><span class='ocrx_word' id='word_1_173' title='bbox 366 1614 559 1670; x_wconf 71' lang='lat' dir='ltr'><strong>numen</strong></span> <span class='ocrx_word' id='word_1_174' title='bbox 579 1617 828 1669; x_wconf 83' lang='lat' dir='ltr'><strong>omnibus</strong></span> <span class='ocrx_word' id='word_1_175' title='bbox 846 1615 1003 1668; x_wconf 80' lang='lat' dir='ltr'><strong>rebus</strong></span> <span class='ocrx_word' id='word_1_176' title='bbox 1022 1617 1088 1668; x_wconf 85' lang='lat' dir='ltr'><strong>iis</strong></span> <span class='ocrx_word' id='word_1_177' title='bbox 1108 1617 1245 1667; x_wconf 86' lang='lat' dir='ltr'><strong>notis</strong></span> <span class='ocrx_word' id='word_1_178' title='bbox 1263 1619 1547 1683; x_wconf 86' lang='lat' dir='ltr'><strong>potentius,</strong></span> <span class='ocrx_word' id='word_1_179' title='bbox 1589 1617 1774 1669; x_wconf 86' lang='lat' dir='ltr'><strong>deinde</strong></span> <span class='ocrx_word' id='word_1_180' title='bbox 1795 1618 1936 1684; x_wconf 87' lang='lat' dir='ltr'><strong>quod</strong></span> <span class='ocrx_word' id='word_1_181' title='bbox 1954 1617 2240 1682; x_wconf 81' lang='lat' dir='ltr'><strong>Hebraeos,</strong></span> 
     </span>
     <span class='ocr_line' id='line_1_20' title="bbox 367 1693 2241 1762; baseline 0 -15"><span class='ocrx_word' id='word_1_182' title='bbox 367 1695 562 1762; x_wconf 87' lang='lat' dir='ltr'><strong>quibus</strong></span> <span class='ocrx_word' id='word_1_183' title='bbox 591 1701 702 1747; x_wconf 81' lang='lat' dir='ltr'><strong>turn</strong></span> <span class='ocrx_word' id='word_1_184' title='bbox 732 1695 979 1761; x_wconf 83' lang='lat' dir='ltr'><strong>temporis</strong></span> <span class='ocrx_word' id='word_1_185' title='bbox 1004 1694 1177 1745; x_wconf 83' lang='lat' dir='ltr'><strong>omnia</strong></span> <span class='ocrx_word' id='word_1_186' title='bbox 1207 1701 1408 1761; x_wconf 83' lang='lat' dir='ltr'><strong>praeter</strong></span> <span class='ocrx_word' id='word_1_187' title='bbox 1441 1708 1590 1762; x_wconf 88' lang='lat' dir='ltr'><strong>spem</strong></span> <span class='ocrx_word' id='word_1_188' title='bbox 1623 1693 1918 1747; x_wconf 79' lang='lat' dir='ltr'><strong>felicissime</strong></span> <span class='ocrx_word' id='word_1_189' title='bbox 1955 1701 2241 1760; x_wconf 82' lang='lat' dir='ltr'><strong>cesserunt,</strong></span> 
     </span>
     <span class='ocr_line' id='line_1_21' title="bbox 366 1770 2244 1839; baseline 0.001 -16"><span class='ocrx_word' id='word_1_190' title='bbox 366 1786 522 1839; x_wconf 85' lang='lat' dir='ltr'><strong>supra</strong></span> <span class='ocrx_word' id='word_1_191' title='bbox 549 1786 729 1825; x_wconf 86' lang='lat' dir='ltr'><strong>omnes</strong></span> <span class='ocrx_word' id='word_1_192' title='bbox 758 1770 993 1837; x_wconf 81' lang='lat' dir='ltr'><strong>curabat,</strong></span> <span class='ocrx_word' id='word_1_193' title='bbox 1036 1786 1137 1823; x_wconf 89' lang='lat' dir='ltr'><strong>uon</strong></span> <span class='ocrx_word' id='word_1_194' title='bbox 1166 1780 1336 1823; x_wconf 82' lang='lat' dir='ltr'><strong>autem</strong></span> <span class='ocrx_word' id='word_1_195' title='bbox 1365 1772 1506 1839; x_wconf 88' lang='lat' dir='ltr'><strong>quod</strong></span> <span class='ocrx_word' id='word_1_196' title='bbox 1522 1774 1666 1823; x_wconf 82' lang='lat' dir='ltr'><strong>Deus</strong></span> <span class='ocrx_word' id='word_1_197' title='bbox 1689 1786 1872 1825; x_wconf 84' lang='lat' dir='ltr'><strong>omnes</strong></span> <span class='ocrx_word' id='word_1_198' title='bbox 1891 1786 2056 1839; x_wconf 85' lang='lat' dir='ltr'><strong>aeque</strong></span> <span class='ocrx_word' id='word_1_199' title='bbox 2073 1782 2244 1834; x_wconf 82' lang='lat' dir='ltr'><strong>curet;</strong></span> 
     </span>
     <span class='ocr_line' id='line_1_22' title="bbox 366 1848 2246 1916; baseline 0.002 -16"><span class='ocrx_word' id='word_1_200' title='bbox 366 1864 487 1900; x_wconf 82' lang='lat' dir='ltr'><strong>nam</strong></span> <span class='ocrx_word' id='word_1_201' title='bbox 532 1848 631 1900; x_wconf 84' lang='lat' dir='ltr'><strong>hoc</strong></span> <span class='ocrx_word' id='word_1_202' title='bbox 672 1849 781 1901; x_wconf 84' lang='lat' dir='ltr'><strong>seia</strong></span> <span class='ocrx_word' id='word_1_203' title='bbox 826 1848 1149 1915; x_wconf 77' lang='lat' dir='ltr'><strong>philosophia</strong></span> <span class='ocrx_word' id='word_1_204' title='bbox 1184 1850 1371 1902; x_wconf 84' lang='lat' dir='ltr'><strong>docere</strong></span> <span class='ocrx_word' id='word_1_205' title='bbox 1406 1856 1594 1916; x_wconf 85' lang='lat' dir='ltr'><strong>potest.</strong></span> <span class='ocrx_word' id='word_1_206' title='bbox 1685 1850 1772 1901; x_wconf 80' lang='lat'><strong>38.</strong></span> <span class='ocrx_word' id='word_1_207' title='bbox 1822 1850 1950 1901; x_wconf 86' lang='lat' dir='ltr'><strong>Ideo</strong></span> <span class='ocrx_word' id='word_1_208' title='bbox 1984 1850 2160 1903; x_wconf 83' lang='lat' dir='ltr'><strong>ludaei</strong></span> <span class='ocrx_word' id='word_1_209' title='bbox 2193 1861 2246 1903; x_wconf 88' lang='lat' dir='ltr'><strong>et</strong></span> 
     </span>
     <span class='ocr_line' id='line_1_23' title="bbox 367 1925 2245 1995; baseline 0.001 -17"><span class='ocrx_word' id='word_1_210' title='bbox 367 1940 566 1989; x_wconf 87' lang='lat' dir='ltr'><strong>omnes,</strong></span> <span class='ocrx_word' id='word_1_211' title='bbox 592 1926 679 1992; x_wconf 86' lang='lat' dir='ltr'><strong>qui</strong></span> <span class='ocrx_word' id='word_1_212' title='bbox 699 1940 801 1977; x_wconf 86' lang='lat' dir='ltr'><strong>non</strong></span> <span class='ocrx_word' id='word_1_213' title='bbox 823 1926 925 1977; x_wconf 85' lang='lat' dir='ltr'><strong>nisi</strong></span> <span class='ocrx_word' id='word_1_214' title='bbox 944 1940 1004 1976; x_wconf 81' lang='lat' dir='ltr'><strong>ex</strong></span> <span class='ocrx_word' id='word_1_215' title='bbox 1022 1925 1262 1977; x_wconf 72' lang='lat' dir='ltr'><strong>dissimili</strong></span> <span class='ocrx_word' id='word_1_216' title='bbox 1284 1941 1457 1978; x_wconf 86' lang='lat' dir='ltr'><strong>rerum</strong></span> <span class='ocrx_word' id='word_1_217' title='bbox 1475 1926 1820 1977; x_wconf 80' lang='lat' dir='ltr'><strong>humanarum</strong></span> <span class='ocrx_word' id='word_1_218' title='bbox 1837 1933 1975 1977; x_wconf 85' lang='lat' dir='ltr'><strong>statu</strong></span> <span class='ocrx_word' id='word_1_219' title='bbox 1995 1936 2046 1979; x_wconf 87' lang='lat' dir='ltr'><strong>et</strong></span> <span class='ocrx_word' id='word_1_220' title='bbox 2063 1928 2245 1995; x_wconf 81' lang='lat' dir='ltr'><strong>impari</strong></span> 
     </span>
     <span class='ocr_line' id='line_1_24' title="bbox 365 2002 2246 2069; baseline 0.001 -13"><span class='ocrx_word' id='word_1_221' title='bbox 365 2005 631 2057; x_wconf 85' lang='lat' dir='ltr'><strong>hominum</strong></span> <span class='ocrx_word' id='word_1_222' title='bbox 663 2004 864 2055; x_wconf 77' lang='lat' dir='ltr'><strong>fortuna</strong></span> <span class='ocrx_word' id='word_1_223' title='bbox 894 2004 987 2053; x_wconf 76' lang='lat' dir='ltr'><strong>Dei</strong></span> <span class='ocrx_word' id='word_1_224' title='bbox 1024 2002 1392 2069; x_wconf 83' lang='lat' dir='ltr'><strong>providentiam</strong></span> <span class='ocrx_word' id='word_1_225' title='bbox 1429 2011 1797 2069; x_wconf 79' lang='lat' dir='ltr'><strong>cognoverunt,</strong></span> <span class='ocrx_word' id='word_1_226' title='bbox 1839 2003 1938 2054; x_wconf 86' lang='lat' dir='ltr'><strong>sibi</strong></span> <span class='ocrx_word' id='word_1_227' title='bbox 1965 2020 2246 2069; x_wconf 84' lang='lat' dir='ltr'><strong>persuase-</strong></span> 
     </span>
     <span class='ocr_line' id='line_1_25' title="bbox 364 2080 2246 2147; baseline -0.001 -13"><span class='ocrx_word' id='word_1_228' title='bbox 364 2090 505 2145; x_wconf 86' lang='lat' dir='ltr'><strong>runt,</strong></span> <span class='ocrx_word' id='word_1_229' title='bbox 542 2082 765 2133; x_wconf 86' lang='lat' dir='ltr'><strong>Iudaeos</strong></span> <span class='ocrx_word' id='word_1_230' title='bbox 782 2082 891 2133; x_wconf 85' lang='lat' dir='ltr'><strong>Deo</strong></span> <span class='ocrx_word' id='word_1_231' title='bbox 911 2080 1201 2132; x_wconf 84' lang='lat' dir='ltr'><strong>dilectiores</strong></span> <span class='ocrx_word' id='word_1_232' title='bbox 1220 2081 1433 2146; x_wconf 75' lang='lat' dir='ltr'><strong>reliquis</strong></span> <span class='ocrx_word' id='word_1_233' title='bbox 1453 2080 1636 2143; x_wconf 77' lang='lat' dir='ltr'><strong>fuisse,</strong></span> <span class='ocrx_word' id='word_1_234' title='bbox 1676 2082 1912 2147; x_wconf 84' lang='lat' dir='ltr'><strong>quemvis</strong></span> <span class='ocrx_word' id='word_1_235' title='bbox 1931 2090 2102 2133; x_wconf 84' lang='lat' dir='ltr'><strong>tamen</strong></span> <span class='ocrx_word' id='word_1_236' title='bbox 2121 2084 2246 2133; x_wconf 80' lang='lat' dir='ltr'><strong>reli-</strong></span> 
     </span>
     <span class='ocr_line' id='line_1_26' title="bbox 364 2158 2244 2227; baseline 0 -16"><span class='ocrx_word' id='word_1_237' title='bbox 364 2174 499 2227; x_wconf 87' lang='lat' dir='ltr'><strong>quos</strong></span> <span class='ocrx_word' id='word_1_238' title='bbox 519 2174 633 2211; x_wconf 76' lang='lat' dir='ltr'><strong>vera</strong></span> <span class='ocrx_word' id='word_1_239' title='bbox 651 2160 873 2211; x_wconf 79' lang='lat' dir='ltr'><strong>humane</strong></span> <span class='ocrx_word' id='word_1_240' title='bbox 896 2158 1205 2225; x_wconf 75' lang='lat' dir='ltr'><strong>perfectione</strong></span> <span class='ocrx_word' id='word_1_241' title='bbox 1223 2173 1326 2209; x_wconf 88' lang='lat' dir='ltr'><strong>non</strong></span> <span class='ocrx_word' id='word_1_242' title='bbox 1346 2159 1725 2224; x_wconf 77' lang='lat' dir='ltr'><strong>superaverint,</strong></span> <span class='ocrx_word' id='word_1_243' title='bbox 1766 2160 1943 2209; x_wconf 85' lang='lat' dir='ltr'><strong>utiam</strong></span> <span class='ocrx_word' id='word_1_244' title='bbox 1963 2172 2075 2225; x_wconf 84' lang='lat' dir='ltr'><strong>cap.</strong></span> <span class='ocrx_word' id='word_1_245' title='bbox 2099 2161 2244 2211; x_wconf 85' lang='lat' dir='ltr'><strong>tertio</strong></span> 
     </span>
     <span class='ocr_line' id='line_1_27' title="bbox 367 2230 2148 2303; baseline -0.003 -15"><span class='ocrx_word' id='word_1_246' title='bbox 367 2237 689 2289; x_wconf 83' lang='lat' dir='ltr'><strong>ostendimus</strong></span> <span class='ocrx_word' id='word_1_247' title='bbox 703 2237 779 2303; x_wconf 81' lang='lat'><strong>⁸).</strong></span> <span class='ocrx_word' id='word_1_248' title='bbox 2143 2230 2148 2237; x_wconf 88' lang='grc'><em>“</em></span> 
     </span>
    </p>

    <p class='ocr_par' dir='ltr' id='par_1_3' title="bbox 363 2311 2245 2843">
     <span class='ocr_line' id='line_1_28' title="bbox 468 2311 2245 2379; baseline 0 -14"><span class='ocrx_word' id='word_1_249' title='bbox 468 2314 554 2365; x_wconf 79' lang='grc'><strong>39.</strong></span> <span class='ocrx_word' id='word_1_250' title='bbox 592 2311 675 2363; x_wconf 76' lang='lat' dir='ltr'><strong>Ad</strong></span> <span class='ocrx_word' id='word_1_251' title='bbox 701 2312 963 2363; x_wconf 86' lang='lat' dir='ltr'><strong>tertium</strong></span> <span class='ocrx_word' id='word_1_252' title='bbox 990 2312 1147 2379; x_wconf 77' lang='lat' dir='ltr'><strong>igitur</strong></span> <span class='ocrx_word' id='word_1_253' title='bbox 1176 2326 1358 2379; x_wconf 79' lang='lat' dir='ltr'><strong>pergo,</strong></span> <span class='ocrx_word' id='word_1_254' title='bbox 1398 2318 1458 2364; x_wconf 91' lang='lat' dir='ltr'><strong>ut</strong></span> <span class='ocrx_word' id='word_1_255' title='bbox 1485 2311 1680 2363; x_wconf 71' lang='lat' dir='ltr'><strong>scilicet</strong></span> <span class='ocrx_word' id='word_1_256' title='bbox 1703 2326 1762 2363; x_wconf 83' lang='lat' dir='ltr'><strong>ex</strong></span> <span class='ocrx_word' id='word_1_257' title='bbox 1781 2312 2042 2379; x_wconf 73' lang='lat' dir='ltr'><strong>Scriptura</strong></span> <span class='ocrx_word' id='word_1_258' title='bbox 2064 2320 2245 2365; x_wconf 84' lang='lat' dir='ltr'><strong>osteu-</strong></span> 
     </span>
     <span class='ocr_line' id='line_1_29' title="bbox 370 2386 2242 2456; baseline 0.001 -15"><span class='ocrx_word' id='word_1_259' title='bbox 370 2391 487 2441; x_wconf 87' lang='lat' dir='ltr'><strong>dam</strong></span> <span class='ocrx_word' id='word_1_260' title='bbox 499 2429 513 2451; x_wconf 94' lang='lat'><strong>,</strong></span> <span class='ocrx_word' id='word_1_261' title='bbox 553 2390 649 2441; x_wconf 81' lang='lat' dir='ltr'><strong>Dei</strong></span> <span class='ocrx_word' id='word_1_262' title='bbox 667 2389 868 2441; x_wconf 73' lang='lat' dir='ltr'><strong>decreta</strong></span> <span class='ocrx_word' id='word_1_263' title='bbox 888 2397 937 2440; x_wconf 84' lang='lat' dir='ltr'><strong>et</strong></span> <span class='ocrx_word' id='word_1_264' title='bbox 956 2390 1194 2442; x_wconf 79' lang='lat' dir='ltr'><strong>mandate</strong></span> <span class='ocrx_word' id='word_1_265' title='bbox 1212 2429 1226 2452; x_wconf 89' lang='lat'>‚</span> <span class='ocrx_word' id='word_1_266' title='bbox 1266 2398 1318 2441; x_wconf 85' lang='lat' dir='ltr'><strong>et</strong></span> <span class='ocrx_word' id='word_1_267' title='bbox 1335 2397 1710 2456; x_wconf 81' lang='lat' dir='ltr'><strong>consequenter</strong></span> <span class='ocrx_word' id='word_1_268' title='bbox 1729 2390 2096 2455; x_wconf 84' lang='lat' dir='ltr'><strong>providentiam</strong></span> <span class='ocrx_word' id='word_1_269' title='bbox 2111 2386 2242 2442; x_wconf 78' lang='lat' dir='ltr'><strong>&#39;nihii</strong></span> 
     </span>
     <span class='ocr_line' id='line_1_30' title="bbox 365 2466 2244 2534; baseline 0.001 -16"><span class='ocrx_word' id='word_1_270' title='bbox 365 2480 481 2518; x_wconf 85' lang='lat' dir='ltr'><strong>esse</strong></span> <span class='ocrx_word' id='word_1_271' title='bbox 508 2479 678 2517; x_wconf 79' lang='lat' dir='ltr'><strong>revera</strong></span> <span class='ocrx_word' id='word_1_272' title='bbox 708 2472 905 2532; x_wconf 82' lang='lat' dir='ltr'><strong>praeter</strong></span> <span class='ocrx_word' id='word_1_273' title='bbox 932 2473 1145 2519; x_wconf 74' lang='lat' dir='ltr'><strong>naturae</strong></span> <span class='ocrx_word' id='word_1_274' title='bbox 1172 2467 1434 2529; x_wconf 86' lang='lat' dir='ltr'><strong>ordinem,</strong></span> <span class='ocrx_word' id='word_1_275' title='bbox 1466 2466 1574 2521; x_wconf 77' lang='lat' dir='ltr'><strong>hoc</strong></span> <span class='ocrx_word' id='word_1_276' title='bbox 1597 2474 1701 2528; x_wconf 87' lang='lat' dir='ltr'><strong>est,</strong></span> <span class='ocrx_word' id='word_1_277' title='bbox 1743 2466 1952 2531; x_wconf 76' lang='lat' dir='ltr'><strong>quando</strong></span> <span class='ocrx_word' id='word_1_278' title='bbox 1982 2468 2244 2534; x_wconf 85' lang='lat' dir='ltr'><strong>Scriptura</strong></span> 
     </span>
     <span class='ocr_line' id='line_1_31' title="bbox 364 2542 2243 2615; baseline 0 -20"><span class='ocrx_word' id='word_1_279' title='bbox 364 2544 505 2603; x_wconf 84' lang='lat' dir='ltr'><strong>dicit,</strong></span> <span class='ocrx_word' id='word_1_280' title='bbox 529 2542 625 2593; x_wconf 82' lang='lat' dir='ltr'><strong>hoc</strong></span> <span class='ocrx_word' id='word_1_281' title='bbox 642 2543 719 2593; x_wconf 79' lang='lat' dir='ltr'><strong>vei</strong></span> <span class='ocrx_word' id='word_1_282' title='bbox 738 2542 867 2595; x_wconf 83' lang='lat' dir='ltr'><strong>illud</strong></span> <span class='ocrx_word' id='word_1_283' title='bbox 886 2544 1035 2595; x_wconf 76' lang='lat' dir='ltr'><strong>aneo</strong></span> <span class='ocrx_word' id='word_1_284' title='bbox 1052 2545 1128 2595; x_wconf 82' lang='lat' dir='ltr'><strong>vei</strong></span> <span class='ocrx_word' id='word_1_285' title='bbox 1142 2546 1240 2595; x_wconf 85' lang='lat' dir='ltr'><strong>Dei</strong></span> <span class='ocrx_word' id='word_1_286' title='bbox 1260 2544 1513 2615; x_wconf 74' lang='lat' dir='ltr'><strong>voluntate</strong></span> <span class='ocrx_word' id='word_1_287' title='bbox 1534 2544 1742 2603; x_wconf 82' lang='lat' dir='ltr'><strong>factum,</strong></span> <span class='ocrx_word' id='word_1_288' title='bbox 1768 2543 1890 2594; x_wconf 83' lang='lat' dir='ltr'><strong>nihii</strong></span> <span class='ocrx_word' id='word_1_289' title='bbox 1910 2543 2050 2595; x_wconf 85' lang='lat' dir='ltr'><strong>aliud</strong></span> <span class='ocrx_word' id='word_1_290' title='bbox 2071 2558 2243 2597; x_wconf 83' lang='lat' dir='ltr'><strong>revera</strong></span> 
     </span>
     <span class='ocr_line' id='line_1_32' title="bbox 363 2611 2242 2687; baseline -0.001 -15"><span class='ocrx_word' id='word_1_291' title='bbox 363 2620 661 2685; x_wconf 77' lang='lat' dir='ltr'><strong>intelligere,</strong></span> <span class='ocrx_word' id='word_1_292' title='bbox 678 2634 833 2685; x_wconf 76' lang='lat' dir='ltr'><strong>quem</strong></span> <span class='ocrx_word' id='word_1_293' title='bbox 850 2620 987 2685; x_wconf 87' lang='lat' dir='ltr'><strong>quod</strong></span> <span class='ocrx_word' id='word_1_294' title='bbox 1003 2611 1055 2672; x_wconf 84' lang='lat' dir='ltr'><strong>id</strong></span> <span class='ocrx_word' id='word_1_295' title='bbox 1071 2622 1247 2687; x_wconf 83' lang='lat' dir='ltr'><strong>ipsum</strong></span> <span class='ocrx_word' id='word_1_296' title='bbox 1262 2621 1550 2673; x_wconf 82' lang='lat' dir='ltr'><strong>secuudum</strong></span> <span class='ocrx_word' id='word_1_297' title='bbox 1565 2620 1704 2687; x_wconf 80' lang='lat' dir='ltr'><strong>leges</strong></span> <span class='ocrx_word' id='word_1_298' title='bbox 1717 2626 1769 2671; x_wconf 88' lang='lat' dir='ltr'><strong>et</strong></span> <span class='ocrx_word' id='word_1_299' title='bbox 1779 2620 2012 2671; x_wconf 83' lang='lat' dir='ltr'><strong>ordinem</strong></span> <span class='ocrx_word' id='word_1_300' title='bbox 2035 2628 2242 2671; x_wconf 82' lang='lat' dir='ltr'><strong>naturae</strong></span> 
     </span>
     <span class='ocr_line' id='line_1_33' title="bbox 363 2696 2240 2765; baseline -0.001 -16"><span class='ocrx_word' id='word_1_301' title='bbox 363 2698 516 2749; x_wconf 79' lang='lat' dir='ltr'><strong>fuerit</strong></span> <span class='ocrx_word' id='word_1_302' title='bbox 542 2696 762 2759; x_wconf 77' lang='lat' dir='ltr'><strong>factum,</strong></span> <span class='ocrx_word' id='word_1_303' title='bbox 786 2711 903 2763; x_wconf 70' lang='lat' dir='ltr'><strong>⁸uoti</strong></span> <span class='ocrx_word' id='word_1_304' title='bbox 923 2704 1091 2748; x_wconf 79' lang='lat' dir='ltr'><strong>autem</strong></span> <span class='ocrx_word' id='word_1_305' title='bbox 1109 2736 1124 2760; x_wconf 89' lang='lat'>‚</span> <span class='ocrx_word' id='word_1_306' title='bbox 1160 2704 1219 2750; x_wconf 82' lang='lat' dir='ltr'><strong>ut</strong></span> <span class='ocrx_word' id='word_1_307' title='bbox 1236 2699 1422 2763; x_wconf 76' lang='lat' dir='ltr'><strong>vulgus</strong></span> <span class='ocrx_word' id='word_1_308' title='bbox 1452 2700 1717 2765; x_wconf 84' lang='lat' dir='ltr'><strong>opinatur,</strong></span> <span class='ocrx_word' id='word_1_309' title='bbox 1759 2697 1897 2762; x_wconf 88' lang='lat' dir='ltr'><strong>quod</strong></span> <span class='ocrx_word' id='word_1_310' title='bbox 1927 2704 2104 2748; x_wconf 85' lang='lat' dir='ltr'><strong>natura</strong></span> <span class='ocrx_word' id='word_1_311' title='bbox 2133 2704 2240 2747; x_wconf 82' lang='lat' dir='ltr'><strong>tam</strong></span> 
     </span>
     <span class='ocr_line' id='line_1_34' title="bbox 366 2772 2234 2843; baseline -0.002 -17"><span class='ocrx_word' id='word_1_312' title='bbox 366 2774 455 2826; x_wconf 90' lang='lat' dir='ltr'><strong>diu</strong></span> <span class='ocrx_word' id='word_1_313' title='bbox 474 2774 690 2825; x_wconf 79' lang='lat' dir='ltr'><strong>cessa&#39;vit</strong></span> <span class='ocrx_word' id='word_1_314' title='bbox 706 2786 870 2840; x_wconf 74' lang='lat' dir='ltr'><strong>agere,</strong></span> <span class='ocrx_word' id='word_1_315' title='bbox 902 2781 991 2825; x_wconf 85' lang='lat' dir='ltr'><strong>aut</strong></span> <span class='ocrx_word' id='word_1_316' title='bbox 1008 2774 1149 2839; x_wconf 86' lang='lat' dir='ltr'><strong>quod</strong></span> <span class='ocrx_word' id='word_1_317' title='bbox 1166 2776 1281 2827; x_wconf 85' lang='lat' dir='ltr'><strong>eius</strong></span> <span class='ocrx_word' id='word_1_318' title='bbox 1298 2775 1425 2829; x_wconf 91' lang='lat' dir='ltr'><strong>ordo</strong></span> <span class='ocrx_word' id='word_1_319' title='bbox 1444 2773 1765 2841; x_wconf 75' lang='lat' dir='ltr'><strong>aliquamdiu</strong></span> <span class='ocrx_word' id='word_1_320' title='bbox 1783 2775 2101 2843; x_wconf 85' lang='lat' dir='ltr'><strong>interruptus</strong></span> <span class='ocrx_word' id='word_1_321' title='bbox 2117 2772 2234 2824; x_wconf 76' lang='lat' dir='ltr'><strong>fuit.</strong></span> 
     </span>
    </p>
   </div>
   <div class='ocr_carea' id='block_1_3' title="bbox 374 2903 700 2917">
    <p class='ocr_par' dir='ltr' id='par_1_4' title="bbox 374 2903 700 2917">
     <span class='ocr_line' id='line_1_35' title="bbox 374 2903 700 2917; baseline 0 0"><span class='ocrx_word' id='word_1_322' title='bbox 374 2903 700 2917; x_wconf 95' lang='lat' dir='ltr'><strong> </strong></span> 
     </span>
    </p>
   </div>
   <div class='ocr_carea' id='block_1_4' title="bbox 466 2976 1091 3150">
    <p class='ocr_par' dir='ltr' id='par_1_5' title="bbox 466 2976 1091 3150">
     <span class='ocr_line' id='line_1_36' title="bbox 468 2976 1091 3033; baseline -0.003 -15"><span class='ocrx_word' id='word_1_323' title='bbox 468 2979 510 3029; x_wconf 82' lang='lat'><strong>1)</strong></span> <span class='ocrx_word' id='word_1_324' title='bbox 537 2976 636 3020; x_wconf 85' lang='lat' dir='ltr'><strong>Vid.</strong></span> <span class='ocrx_word' id='word_1_325' title='bbox 656 2986 757 3032; x_wconf 83' lang='lat' dir='ltr'><strong>cap.</strong></span> <span class='ocrx_word' id='word_1_326' title='bbox 778 2979 819 3018; x_wconf 78' lang='lat'><strong>2.</strong></span> <span class='ocrx_word' id='word_1_327' title='bbox 838 2978 880 3029; x_wconf 76' lang='grc' dir='ltr'><strong>ς.</strong></span> <span class='ocrx_word' id='word_1_328' title='bbox 904 2978 968 3018; x_wconf 79' lang='grc'><strong>12.</strong></span> <span class='ocrx_word' id='word_1_329' title='bbox 988 2988 1091 3033; x_wconf 80' lang='lat' dir='ltr'><strong>sqq.</strong></span> 
     </span>
     <span class='ocr_line' id='line_1_37' title="bbox 466 3035 930 3092; baseline 0 -16"><span class='ocrx_word' id='word_1_330' title='bbox 466 3038 511 3087; x_wconf 78' lang='lat'><strong>2)</strong></span> <span class='ocrx_word' id='word_1_331' title='bbox 546 3036 569 3076; x_wconf 81' lang='lat'>¹</span> <span class='ocrx_word' id='word_1_332' title='bbox 590 3035 693 3080; x_wconf 78' lang='lat' dir='ltr'><strong>Cor,</strong></span> <span class='ocrx_word' id='word_1_333' title='bbox 712 3038 755 3087; x_wconf 78' lang='lat'><strong>9,</strong></span> <span class='ocrx_word' id='word_1_334' title='bbox 771 3037 839 3081; x_wconf 66' lang='lat' dir='ltr'><strong>w.</strong></span> <span class='ocrx_word' id='word_1_335' title='bbox 858 3047 930 3092; x_wconf 80' lang='lat' dir='ltr'><strong>sq.</strong></span> 
     </span>
     <span class='ocr_line' id='line_1_38' title="bbox 467 3093 979 3150; baseline 0.004 -15"><span class='ocrx_word' id='word_1_336' title='bbox 467 3096 514 3147; x_wconf 75' lang='lat'><strong>8)</strong></span> <span class='ocrx_word' id='word_1_337' title='bbox 547 3093 647 3139; x_wconf 82' lang='lat' dir='ltr'><strong>vid.</strong></span> <span class='ocrx_word' id='word_1_338' title='bbox 668 3106 770 3150; x_wconf 85' lang='lat' dir='ltr'><strong>cap.</strong></span> <span class='ocrx_word' id='word_1_339' title='bbox 790 3098 831 3137; x_wconf 76' lang='lat'><strong>3.</strong></span> <span class='ocrx_word' id='word_1_340' title='bbox 849 3098 891 3149; x_wconf 77' lang='grc' dir='ltr'><strong>ς.</strong></span> <span class='ocrx_word' id='word_1_341' title='bbox 912 3098 979 3138; x_wconf 72' lang='lat'><strong>⁵⁶1.</strong></span> 
     </span>
    </p>
   </div>
  </div>
 </body>
</html>
