2548 3485
360 143 485 208 258
763 140 1153 195 'rnac‘ra'rus
1188 146 1846 194 mammiaco-Pomm.

362 324 607 380 homines
632 331 835 388 ωονοις,
868 339 975 392 qno
992 323 1081 389 flt,
1106 330 1168 378 ut
1185 324 1324 390 leges
1343 323 1584 394 detestari
1603 331 1654 377 et
1669 324 1880 391 quidvis
1897 325 1952 377 in
1973 327 2246 393 magistra-

366 412 477 456 tum
489 402 733 465 audeant,
758 416 853 455 nee
871 408 1045 471 turpe,
1065 400 1159 454 sed
1179 400 1608 455 honestissimum
1627 408 1826 470 putent,
1849 402 2130 456 seditiones
2148 403 2246 456 bae

364 482 429 533 de
463 493 621 533 causa
656 493 857 533 movere
892 485 943 531 et
970 476 1416 551 quodvisfacinus
1443 485 1661 532 tentare.
1734 479 1818 532 30.
1859 482 2035 544 Quum
2071 482 2245 547 itaque

364 558 643 621 humanam
662 565 897 609 naturam
916 557 993 609 sie
1010 562 1358 623 comparatam
1377 548 1496 609 esse
1515 564 1740 619 constet,
1778 560 2016 623 sequitur
2031 566 2056 621 ,·
2084 558 2242 624 leges»,
2309 578 2318 585 ·

365 649 501 701 quae
521 633 585 686 de
604 632 939 700 opinionibus
968 634 1296 697 conduntur,
1321 648 1424 686 non
1451 634 1726 698 seelestos,
1755 635 1850 687 sed
1875 636 2134 701 ingenuos
2161 650 2247 687 re-

364 712 591 777 spicere,
614 724 711 763 nee
726 709 793 762 ad
810 710 1069 776 malignos
1084 711 1426 764 coercendum
1439 750 1453 778 ,
1473 712 1565 765 sed
1585 712 1758 779 potius
1779 711 1843 764 ad
1864 712 2110 765 honestos
2127 712 2248 764 irri-
2307 710 2316 715 '

354 788 581 841 tandum
618 784 798 849 condi,
838 800 935 839 nee
970 788 1083 839 sino
1120 802 1305 853 magno
1341 789 1545 857 imperii
1573 788 1804 857 periculo
1833 788 2244 855 defendiposse.

364 866 453 921 31.
488 864 677 927 Adde,
710 862 853 931 quod
880 862 1010 919 tales
1036 864 1175 930 leges
1193 865 1406 917 inutiles
1425 867 1636 919 omnino
1653 874 1798 918 sunt.
1867 866 1999 918 Nam
2017 866 2106 933 qui
2129 867 2250 933 opi-

364 944 549 995 niones
562 981 578 1006 ,
618 954 751 1007 quae
777 940 981 1007 legibus
1000 940 1269 995 damnatae
1287 950 1436 1005 sunt,
1467 956 1624 995 sanas
1643 956 1760 995 esse
1777 942 1984 995 credent
1999 982 2014 1005 ,
2043 942 2248 1009 legibus

364 1032 543 1087 parere
561 1032 665 1069 non
686 1024 952 1085 poterunt3
989 1020 1081 1086 qui
1099 1026 1271 1071 eontra
1293 1019 1504 1073 easdem
1520 1026 1784 1085 tamquam
1802 1020 1962 1071 falsas
1979 1020 2237 1083 reiieiunt,
2319 1064 2326 1069 .

364 1097 507 1161 leges
522 1132 537 1157 ‚
562 1094 755 1161 quihus
776 1096 873 1147 liae
891 1094 1227 1161 damnantur,
1248 1103 1514 1164 tamqnam
1533 1098 1796 1164 privilegia
1813 1098 2068 1163 recipiunt
2085 1105 2135 1149 et
2151 1098 2250 1149 iis-

367 1172 486 1228 dem
506 1174 577 1227 ita
596 1172 941 1240 triumphant,
970 1180 1031 1224 nt
1047 1174 1375 1239 magistratus
1395 1174 1606 1227 easdem.
1619 1182 1801 1241 postea
1812 1206 1838 1238 ‚-
1860 1176 1958 1226 etsi
1977 1174 2102 1227 velit
2115 1215 2129 1236 ‚
2149 1174 2250 1227 ab-

364 1264 543 1317 rogare
562 1264 665 1304 non
684 1250 883 1305 valeat..
944 1250 1029 1306 32.
1068 1249 1467 1313 Hisaceedunt,
1508 1266 1642 1318 qnae
1661 1266 1820 1319 supra
1840 1264 1953 1319 cap.
1975 1251 2165 1306 xvm.
2187 1268 2251 1305 ex

332 1325 339 1331 ’
366 1327 599 1381 historiis
641 1326 996 1381 Hebraeorum
1043 1328 1131 1380 ιιο.
1172 1324 1241 1379 11.
1291 1327 1598 1381 deduximus
1609 1328 1688 1397 ³¹²).
1759 1330 1828 1379 Et
1859 1328 2086 1395 denique
2121 1334 2252 1395 quot

367 1405 643 1459 schismata
661 1404 715 1456 in
736 1404 947 1457 eeclesia
964 1418 1025 1456 ex
1042 1404 1139 1456 hoe
1156 1404 1463 1473 plerumque
1489 1413 1597 1457 orta
1617 1413 1742 1457 sunt
1755 1444 1768 1467 ,
1792 1405 1955 1471 -quod
1975 1404 2250 1472 magistra·-

368 1490 455 1535 tus
492 1482 761 1535 doctorum
798 1482 1171 1535 controversias
1198 1482 1402 1549 legibus
1431 1483 1672 1535 dirimere
1698 1482 1995 1535 voluerunt!
2033 1484 2165 1535 Nam
2192 1484 2249 1535 ni

368 1560 604 1614 homines
629 1574 723 1626 spe
750 1566 1073 1625 tenerentur,
1114 1559 1257 1625 leges
1281 1568 1333 1611 et
1364 1561 1719 1626 magistratum
1739 1560 1806 1613 ad
1825 1574 1884 1612 se
1903 1560 2162 1623 trahendi,
2198 1566 2251 1611 et

370 1637 434 1688 de
462 1638 574 1689 suis
595 1636 903 1689 adversariis
924 1638 1186 1688 communi
1205 1637 1342 1703 vulgi
1362 1637 1618 1704 applausu
1636 1636 1992 1705 triumphandi
2010 1645 2063 1688 et
2082 1638 2250 1707 liono-

372 1728 455 1768 res
474 1713 793 1780 adipiscendi
806 1752 819 1775 ‚
845 1728 1125 1780 numquam
1144 1720 1251 1768 tam
1266 1716 1452 1782 inique
1467 1716 1638 1768 animo
1659 1721 1934 1777 certarent,
1959 1728 2058 1768 nee
2076 1722 2251 1768 tantus

374 1791 518 1844 furor
545 1805 723 1845 eorum
753 1797 965 1844 mentes.
982 1792 1211 1858 agitaret.
1288 1793 1374 1844 33.
1416 1792 1590 1860 Atque
1608 1793 1735 1845 haee
1751 1805 1855 1848 non
1877 1800 2078 1856 tantum
2099 1790 2247 1856 r'atio,

371 1868 464 1920 sed
492 1870 646 1920 etiam
675 1867 981 1935 experientia
1009 1869 1326 1934 quotidianis
1355 1871 1602 1937 exemplis
1631 1870 1808 1932 doeet;
1845 1883 2033 1936 nempe
2053 1871 2251 1923 similes
2313 1876 2334 1918 ·.

372 1945 540 2010 leges,
580 1943 771 2011 quibus
798 1945 995 1998 seilicet
1021 1947 1330 2013 imperatur,
1370 1947 1498 2014 quid
1525 1948 1812 2014 unicuique
1829 1947 2142 1999 credendum
2160 1949 2248 2011 sit,
2327 2013 2334 2017 ‚

372 2029 427 2076 et
444 2023 619 2076 eontra
636 2021 771 2074 hane
792 2029 883 2075 aut
902 2022 1039 2074 illam
1062 2024 1360 2090 opinionem
1381 2023 1572 2091 aliquid
1593 2024 1764 2076 dicere
1781 2024 1859 2077 vel
1881 2024 2110 2077 seribere
2126 2040 2252 2091 pro-

372 2099 603 2164 hibetur,
646 2113 801 2166 saepe
828 2099 1095 2152 institutas
1113 2100 1280 2153 fuisse
1299 2100 1362 2152 ad
1381 2100 1730 2166 largiendum,
1769 2101 2038 2168 vel.potins
2058 2101 2251 2153 eeden-
2317 2121 2324 2130 ·

374 2177 502 2230 dum
520 2191 703 2228 eorum
718 2179 811 2238 ira,
835 2179 925 2243 qui
944 2176 1105 2228 libera
1122 2179 1326 2244 ingenia
1348 2177 1478 2230 ferre
1495 2187 1779 2244 nequeunt,
1801 2187 1852 2230 et
1871 2187 2009 2231 torva
2027 2179 2250 2244 quadam

373 2255 671 2308 auctoritate
702 2253 979 2306 seditiosae
1007 2254 1173 2320 plebis
1200 2255 1524 2308 devotionem
1554 2255 1704 2307 facile
1731 2258 1785 2308 in
1817 2255 2012 2307 rabiem
2031 2264 2247 2320 mutare,

374 2337 427 2382 et
454 2332 505 2382 in
536 2345 669 2396 quos
695 2331 875 2384 volunt
900 2331 1143 2397 instigare
1172 2339 1411 2398 possunt.
1484 2333 1570 2384 34.
1606 2332 1678 2384 At
1705 2340 1900 2400 quanto
1919 2333 2080 2385 satius
2102 2332 2249 2397 foret,

374 2406 509 2472 vulgi
530 2409 657 2460 iram
677 2415 726 2458 et
743 2407 973 2460 furorem
992 2407 1229 2460 cohibere
1242 2447 1257 2472 ,
1279 2423 1436 2475 quam
1453 2409 1594 2474 leges
1610 2411 1822 2462 inutiles
1841 2415 2065 2463 statuere
2079 2449 2094 2472 ,
2119 2425 2254 2476 quae

374 2484 551 2534 violari
572 2499 673 2535 non
695 2490 935 2551 possunt,
957 2486 1059 2536 nisi
1078 2483 1143 2536 ab
1164 2487 1250 2548 iis,
1272 2487 1362 2553 qui
1381 2487 1592 2538 virtutes
1609 2495 1661 2538 et
1679 2494 1812 2538 artes
1832 2495 2022 2552 amant,
2044 2493 2097 2538 et
2117 2501 2254 2539 rem-

376 2559 642 2628 publicam
670 2562 725 2611 in
756 2567 950 2614 tantam
978 2563 1269 2628 angustiam
1291 2562 1548 2628 redigere,
1587 2571 1646 2614 ut
1661 2565 1798 2616 viros
1814 2565 2072 2631 ingenuos
2091 2565 2254 2616 susti-

378 2653 498 2690 nere
526 2652 633 2689 non
654 2635 843 2704 possit!
918 2639 1004 2691 35.
1045 2639 1183 2702 Quid
1206 2639 1344 2692 enim
1365 2639 1535 2691 mains
1553 2639 1862 2707 reipublicae
1883 2641 2074 2693 malum
2096 2654 2251 2693 exco-

378 2716 523 2782 gitari
558 2721 755 2781 potest,
794 2729 951 2782 quam
988 2715 1127 2782 quod
1162 2718 1257 2769 viri
1295 2717 1497 2778 honesti
1514 2755 1527 2780 ,
1566 2718 1685 2784 quia
1721 2717 1922 2770 diversa
1949 2719 2178 2770 sentiunt
2202 2725 2268 2770 et·

379 2794 625 2847 simulare
644 2793 901 2854 nesciunt,
934 2800 1193 2860 tamqnam
1216 2794 1436 2862 improbi
1457 2795 1508 2846 in
1529 2794 1734 2846 exilium
1753 2791 2058 2847 mittantur?
2091 2795 2250 2859 Quid,

379 2872 591 2937 iuquam
605 2910 619 2934 ‚
668 2867 833 2936 magis
876 2871 1221 2938 perniciosum
1236 2909 1251 2934 ‚
1299 2884 1456 2937 quam
1493 2870 1633 2938 quod
1671 2871 1907 2925 homines
1945 2870 2014 2924 ob
2049 2869 2251 2923 nullum

380 2948 551 3000 scelus
565 2962 743 3014 ,neque
760 2947 958 3000 facinus
972 2986 987 3012 ,
1016 2947 1107 3011 sed
1130 2949 1251 3015 qnia
1269 2947 1499 3004 liberalis
1519 2950 1712 3016 ingenii
1731 2958 1854 3002 eunt
1867 2989 1882 3016 ,
1902 2963 1996 3019 pro
2014 2947 2252 3002 hostibus

486 3115 525 3164 ·)
560 3113 658 3158 vid.
682 3125 783 3171 ραι).
804 3118 868 3159 ιε.
889 3117 931 3169 ς.
950 3117 1016 3159 23.
1036 3127 1142 3174 sqq.
