2548 3485
1007 158 1387 205 PRAEFATIO.
2069 165 2128 200 xl

257 337 322 391 de
343 388 348 395 ,
351 338 692 405 praestantia
728 341 784 387 et
812 339 1122 389 necessitate
1155 336 1495 389 revelationis
1528 334 1737 385 divinae
1774 350 1821 387 c.
1848 336 1930 389 15.
1971 337 2023 402 5.
2044 337 2131 392 27.

255 425 343 476 37.
365 425 486 488 44.;
526 422 592 475 de
627 426 917 475 veracitate
951 424 1269 491 act-iptorum
1300 436 1574 481 sacrorum
1612 436 1659 473 c.
1685 422 1736 473 5.
1774 421 1827 486 5.
1849 422 1935 473 46.
1976 425 2130 477 c.12.

253 511 310 574 5.
332 510 417 561 33.
441 524 588 576 sqq„
616 500 813 576 (infido
841 508 1238 577 evangeliorum
1265 522 1312 560 c.
1337 510 1421 562 12.
1449 508 1503 573 5.
1526 508 1610 560 39.
1634 520 1750 574 sq.;
1790 507 1855 561 de
1876 500 2133 560 Chi-istiu-

253 610 442 647 norum
470 594 779 647 ceremoniis
806 608 853 646 c.
878 596 928 647 5.
966 595 1018 660 5.
1039 594 1126 648 32.
1149 608 1269 662 sqq.
1308 600 1361 647 et
1392 594 1539 645 cultu
1566 592 1780 660 publico
1816 606 1864 645 c.
1888 595 1939 645 5.
1967 593 2021 658 5.
2044 595 2131 645 44.

251 679 592 733 Praeclarum
630 687 713 734 est
749 680 864 733 eius
910 679 1170 732 iudicium
1206 680 1272 733 de
1309 679 1505 746 regulis
1548 678 1958 733 hermeneuticis
2002 692 2048 730 c.
2079 680 2132 731 7.
2204 702 2211 708 ·

251 767 304 829 5.
329 766 380 817 6.
404 780 527 833 sqq.
544 804 562 830 ,
601 766 664 819 de
695 767 964 834 Scriptura
989 780 1083 834 per
1111 766 1435 833 scripturam
1466 764 1767 834 explicanda
1794 778 1841 816 c.
1866 765 1949 817 15.
1981 765 2032 830 5.
2054 764 2131 829 8.,

250 851 317 903 de
345 851 508 903 unico
534 850 682 903 firmo
710 850 1030 920 reipublicae
1059 851 1402 903 fundamento
1430 858 1481 903 et
1499 850 1689 902 civium
1707 849 1947 904 libertate
1976 865 2022 901 c.
2048 850 2131 902 19.

248 939 303 1001 5.
319 937 406 988 46.
429 952 550 1005 sqq.
583 952 628 989 c.
651 939 734 990 10.
766 939 818 1004 5.
841 936 892 989 7.
911 952 1030 1004 sqq.
1062 936 1144 989 11.
1168 950 1273 1004 sq„
1299 937 1363 989 de
1382 935 1550 988 libero
1569 935 1833 989 sentiendi
1855 942 1906 990 et
1923 934 2133 989 dicendi

248 1036 357 1074 usu
394 1037 443 1075 c.
464 1022 517 1073 7.
555 1024 607 1089 5.
628 1021 714 1076 90.
737 1038 857 1090 sqq.
898 1037 945 1075 c.
971 1024 1055 1077 14.
1082 1023 1136 1088 5.
1158 1023 1244 1075 31.
1265 1021 1351 1073 39.
1379 1020 1431 1075 ὀ.
1454 1020 1539 1073 20.
1571 1023 1623 1088 5.
1646 1023 1699 1074 3.
1722 1022 1774 1074 6.
1800 1023 1883 1074 10.
1905 1023 2129 1077 22-24,

246 1109 339 1164 28.
362 1123 485 1175 sqq.
509 1109 595 1160 34.
610 1122 729 1177 sqq.
789 1110 904 1173 Qua
931 1108 1097 1160 animi
1126 1108 1427 1161 sinceritate
1446 1108 1779 1161 sacerdotum
1797 1106 2135 1161 Iudaicorum

248 1202 303 1247 et
338 1193 648 1262 pontificum
682 1196 1040 1248 Romanorum
1078 1194 1428 1261 arrogantiam
1464 1191 1660 1248 refutat
1698 1207 1747 1247 c.
1768 1194 1820 1246 7.
1859 1194 1912 1260 5.
1936 1192 2021 1249 38.
2043 1194 2129 1245 39.

248 1280 340 1331 88.
365 1280 502 1332 ·89.Ξ
576 1280 652 1334 De
680 1280 1016 1343 discrimine,
1057 1279 1199 1347 quod
1233 1278 1524 1333 intercedat
1557 1278 1874 1347 theologiam
1910 1280 2047 1333 inter
2083 1286 2136 1332 et

246 1365 676 1434 philosophiam,
713 1381 833 1419 cum
861 1365 917 1417 b.
947 1365 1426 1418 Somniat-machoro
1456 1379 1503 1417 c.
1528 1364 1611 1417 14.
1640 1366 1693 1431 5.
1716 1365 1802 1417 37.
1824 1379 1943 1432 sqq.
1974 1379 2021 1417 c.
2046 1365 2129 1416 15.

245 1454 301 1517 5.
325 1452 412 1507 21.
436 1467 555 1519 sqq.
572 1489 590 1516 ,
629 1450 694 1505 de
720 1452 948 1505 vanitate
963 1452 1195 1513 ‚rationis
1221 1445 1457 1503 hominis
1476 1450 1765 1518 singularis
1784 1465 1831 1503 c.
1856 1453 1939 1504 16.
1967 1452 2019 1514 5.
2046 1451 2129 1502 11.

248 1545 302 1591 et
321 1538 388 1591 de
407 1536 654 1605 figmento
675 1538 807 1591 iuris
827 1537 1082 1591 naturalis
1101 1538 1242 1604 quod
1261 1537 1456 1590 dicitur
1468 1552 1594 1590 cum
1623 1535 1803 1589 eodem
1832 1541 1885 1589 et
1910 1535 2131 1601 Hegelio

134 1694 140 1697 .
245 1623 525 1677 consensit
550 1638 598 1676 c.
622 1625 705 1676 16.
737 1625 790 1688 5.
814 1622 865 1675 7.
889 1638 1008 1690 sqq.

355 1708 600 1764 Ceterum
627 1707 885 1776 quaedam
903 1708 1064 1761 huius
1090 1714 1340 1761 tractatus
1370 1706 1537 1778 capita
1566 1700 1829 1762 subtilius
1848 1706 2131 1777 explanan-

244 1803 335 1848 tur
360 1795 415 1846 in
445 1795 715 1862 epistolis,
745 1795 941 1862 quibus
977 1793 1329 1864 philosophus
1358 1809 1476 1847 cum
1507 1796 1635 1848 viris
1656 1795 1826 1848 doctis
1854 1795 1918 1848 de
1948 1795 2130 1849 eodem

245 1882 374 1950 egit.
436 1879 561 1934 vid.
585 1881 740 1950 epist.
765 1883 847 1934 14.
873 1882 955 1933 17.
981 1882 1199 1936 19-25.
1223 1881 1446 1934 47-50.
1463 1881 1686 1944 72-,-75.

351 1965 582 2018 Iudicem
607 1966 841 2018 locorum
867 1965 1175 2034 Scriptus-ae
1200 1966 1256 2019 S.
1291 1981 1446 2034 quem
1474 1967 1767 2022 adiecimus
1788 1966 1968 2020 multis
1989 1966 2129 2020 haud

244 2053 511 2122 ingratum
537 2053 650 2107 fore
677 2067 973 2126 speramnS.

338 2244 537 2312 Restat
554 2242 783 2324 denique
802 2248 862 2294 ut
886 2240 950 2294 de
980 2157 1365 2311 complelndio
1394 2242 1839 2308 grammatices
1866 2213 2128 2310 linguae

245 2325 580 2382 Hebraeae
600 2328 864 2395 quaedam
878 2327 1138 2381 dicamus.
1209 2328 1583 2394 Fragmentum
1604 2335 1703 2392 est,
1726 2329 1879 2382 cuins
1899 2343 1963 2382 ne
1982 2330 2122 2397 prio-

244 2429 362 2468 rem
382 2413 598 2481 quidem
619 2417 824 2482 partem·
840 2414 878 2465 i.
892 2429 938 2465 e.
953 2411 1332 2480 etymologiam
1350 2420 1528 2467 auctor
1546 2411 1788 2467 absolvit.
1825 2413 1909 2468 Ad
1928 2423 2127 2483 partem

133 2489 138 2494 ’
246 2499 496 2566 alteram,
525 2501 804 2568 syntaoein,
836 2513 991 2568 saepe
1010 2495 1234 2551 lectores
1260 2497 1467 2566 delegat
1488 2515 1535 2551 v.
1558 2514 1607 2552 c.
1639 2514 1753 2568 cap.
1775 2500 1825 2552 9.
1856 2502 1909 2567 5.
1933 2502 2016 2554 14.
2038 2504 2124 2558 22.
2146 2553 2155 2564 ,

249 2600 368 2654 cap.
393 2584 478 2638 10.
517 2586 569 2650 5.
595 2585 678 2638 11.
719 2599 833 2651 cap.
858 2583 940 2638 12.
978 2583 1030 2648 5.
1057 2583 1139 2635 10.
1183 2597 1298 2651 cap.
1324 2584 1408 2637 16.
1436 2585 1597 2649 5.11.
1636 2600 1751 2654 cap.
1773 2587 1859 2641 21.
1889 2587 1943 2652 5.
1964 2589 2016 2640 2.
2042 2589 2123 2650 5.;

247 2671 410 2744 sicuti
442 2670 508 2724 ad
535 2671 840 2736 catalogum
865 2671 1132 2720 nominum
1159 2671 1524 2736 acceptionum
1550 2669 1674 2724 libri
1692 2670 1793 2724 fine
1822 2671 2126 2742 ponendum

129 2769 153 2795 ·
247 2772 296 2810 c.
320 2758 373 2809 6.
409 2757 463 2822 5.
485 2758 537 2809 3.
561 2757 645 2811 12.
672 2754 756 2807 17.
779 2756 864 2807 18.
937 2757 1060 2830 lpse
1081 2769 1140 2808 se
1160 2771 1263 2808 non
1281 2758 1345 2810 V.
1366 2755 1470 2819 Tti,
1502 2756 1598 2809 sed
1625 2755 1837 2824 linguae
1857 2755 2126 2811 Hebraeae

245 2843 571 2911 scripturum
589 2841 758 2893 fulss'e
788 2840 1180 2908 grammaticam
1206 2841 1480 2909 professus
1502 2848 1583 2894 est
1608 2855 1723 2910 cap.
1745 2842 1796 2894 7.
1827 2835 1879 2908 5.
1901 2845 1953 2897 2.
2022 2845 2128 2896 Hic

247 2942 463 2995 quoque
491 2928 571 2980 via
592 2941 688 2980 sua
713 2927 990 2993 ingressus
1019 2925 1311 2980 subtilitate
1343 2935 1393 2979 et
1418 2928 1661 2981 acumine
1690 2942 1899 2984 summo
1927 2927 2126 2982 forma-

246 3028 372 3065 rum
400 3013 614 3081 linguae
638 3011 912 3066 Hebraeae
946 3013 1115 3080 capita
1145 3013 1412 3081 exposuit,
1451 3027 1555 3080 qno
1584 3027 1705 3065 enm
1729 3013 1899 3066 nostri
1926 3013 2125 3067 saeculi

245 3098 510 3152 triumviri
547 3087 815 3164 Gordius,
869 3097 1140 3163 Εωαὶὼιε,
1193 3097 1489 3166 Hupseldue
1536 3097 1739 3165 egregie
1774 3099 1941 3152 secuti
1979 3106 2120 3152 sunt.
