2548 3485
374 165 456 224 34
551 177 556 182 ·
729 175 731 178 ⁴
765 163 1157 212 TRACTATUS
1195 160 1881 234 ἰπηῑοιοεῑιοο.Ροι.ιί’.Α

376 349 490 414 ipse
508 346 686 399 Moses
715 345 906 412 pergit:
942 347 1086 397 Deus
1115 343 1265 409 signa
1291 343 1450 394 >etiam
1478 347 1529 393 et
1556 340 1801 392 miracula
1832 340 1954 392 facit
1972 339 2036 391 ad
2054 345 2265 392 tentan-

378 424 504 477 dum
523 423 796 491 populum.
869 421 920 473 7.
951 420 1126 488 Atque
1145 421 1240 472 boc
1259 420 1500 472 Christus
1518 419 1673 470 etiam
1694 417 1980 484 discipuios
1998 431 2126 469 suos
2144 431 2267 468 mo-

377 501 510 564 nuit
529 508 589 551 ut
605 506 810 551 constat
823 495 1009 552 nauh.
1035 513 1151 564 cap.
1171 499 1259 552 24.
1281 512 1329 549 v.
1352 499 1439 551 24.
1514 496 1763 559 Quinimo
1782 494 2019 546 Ezechiel
2038 509 2154 560 cap.
2178 496 2264 546 14.

378 594 428 631 v.
449 579 502 630 9.
533 577 667 629 clare
695 576 872 639 docet,
915 578 1090 628 Deum
1115 574 1350 626 homines
1376 573 1657 640 aliquando
1686 573 1831 625 falsis
1868 571 2269 624 revelationibus

381 672 643 738 d‘³‘3¹i³‘³¹'‘³3
684 685 804 722 ΜΠ]
839 669 933 720 ²5⁸²
976 670 1122 760 Π]Πῖ
1164 672 1261 729 ’ΞΝ
1312 672 1450 758 ’'13'1
1498 672 1658 758 '13‘12
1708 671 1877 730 ΠΠΒἾ
1926 672 1991 728 '2
2035 671 2265 759 &tuam

381 785 552 847 &inm
582 783 781 845 &³:³35
814 785 911 842 ΠΝ
946 783 1153 864 ’ΠῖΠῇ
1189 785 1246 829 et
1271 779 1479 845 quando
1500 780 1764 846 propheta
1792 747 1985 847 (falsus
2012 778 2155 846 scil.)
2186 781 2273 828 in.-

385 878 600 928 duct'tur
615 880 670 926 et
685 877 900 926 verbum
919 875 1341 940 loeutus-sumt,
1379 889 1481 938 ego
1500 873 1645 928 Deus
1662 873 1859 924 induxi
1874 873 2025 923 illum
2035 873 2273 940 prophe-

385 961 524 1018 tam3
545 951 682 1020 quod
703 954 856 1004 etiam
875 951 1134 1005 Michaeas
1155 951 1295 1021 (vide
1314 951 1515 1017 Regum
1534 949 1625 1001 lib.
1647 950 1695 1001 1.
1718 964 1832 1016 cap.
1856 951 1941 1006 22.
1964 964 2008 1002 v.
2022 950 2108 1004 21.
2122 949 2273 1016 sqq.)

387 1031 451 1083 de
469 1030 732 1099 prophetis
750 1027 948 1080 Achabi
969 1035 1208 1080 testatur.

490 1109 542 1158 8.
580 1108 649 1158 Et
667 1107 900 1173 quamvis
920 1106 1018 1157 hoc
1036 1105 1309 1156 ostendere
1330 1104 1564 1156 videatur
1583 1103 1908 1170 prophetiam
1931 1109 1981 1154 et
1999 1102 2275 1154 revelatio-

389 1201 507 1238 nem
527 1199 636 1236 rem
657 1198 772 1234 esse
792 1184 940 1250 plane
959 1183 1171 1234 dubiam
1186 1221 1200 1244 ,
1239 1181 1463 1234 babebat
1493 1189 1663 1232 tamen
1682 1220 1695 1242 ,
1736 1183 1811 1232 uti
1835 1181 2059 1232 diximus
2070 1218 2088 1244 ,
2127 1181 2275 1232 mul-

389 1270 500 1314 tum
538 1260 878 1313 certitudiniS.
950 1263 1078 1311 Nam
1105 1261 1250 1311 Deus
1289 1260 1403 1324 pios
1440 1265 1491 1310 et
1528 1258 1718 1310 eiectos
1752 1271 2022 1322 nunquam
2063 1256 2274 1325 decipit,

391 1339 482 1391 sed
504 1341 639 1390 iuxta
659 1336 785 1389 illud
806 1337 1074 1403 antiquum
1097 1333 1423 1403 proverbium
1444 1333 1583 1397 (vide
1605 1335 1861 1386 Samuelis
1879 1334 1972 1386 lib.
1991 1337 2039 1388 1.
2060 1348 2172 1400 cap.
2187 1335 2275 1388 24.

389 1431 439 1469 v.
465 1415 610 1485 14.),
651 1422 703 1465 et
729 1422 788 1466 ut
816 1426 881 1464 ‘ex
918 1415 1130 1465 historia
1156 1411 1418 1480 Abigaelis
1458 1413 1675 1477 eiusque
1712 1413 1940 1464 oratione
1970 1409 2277 1476 coustat1):

391 1496 534 1546 Deus
570 1493 734 1561 utitur
770 1492 872 1560 piis
911 1498 1156 1556 tanquam
1193 1504 1319 1542 suae
1352 1489 1559 1556 pietatis
1591 1490 1983 1550 instrumentis,
2024 1495 2075 1539 et
2098 1489 2281 1554 impiis

393 1579 638 1637 tanquam
657 1583 784 1620 suae
803 1568 908 1618 irae
929 1567 1287 1619 executoribus
1307 1573 1357 1618 et
1374 1566 1584 1618 mediiS.
1656 1567 1709 1618 9.
1748 1566 1903 1631 Quod
1922 1567 2075 1618 etiam
2096 1563 2283 1616 claris-

395 1649 526 1699 sime
565 1652 765 1698 constat
801 1658 860 1694 ex
894 1642 982 1694 illo
1021 1659 1147 1696 casu
1185 1643 1475 1706 Michaeae,
1522 1657 1685 1709 ‘quem
1722 1643 1877 1696 modo
1916 1643 2184 1694 citavimus
2200 1641 2280 1710 ²).

393 1727 524 1778 Nam
554 1735 868 1790 quamquam
885 1722 1028 1773 Deus
1058 1721 1347 1773 decreverat
1363 1719 1637 1777 Acbabum
1666 1721 1903 1789 decipere
1930 1734 2020 1789 per
2047 1718 2281 1787 propbe-

397 1810 506 1867 tas,
547 1800 694 1852 falsis
720 1806 892 1850 tamen
921 1806 1120 1849 tantum
1149 1799 1415 1867 prophetis
1432 1812 1564 1869 usus
1580 1799 1710 1862 fuit,
1750 1801 1835 1866 pio
1853 1806 2025 1850 eutem
2046 1810 2184 1859 rem,
2222 1804 2287 1849 ut

397 1884 532 1939 erat,
573 1876 832 1935 revelavit,
873 1883 923 1926 et
939 1890 1056 1926 vera
1086 1875 1379 1942 praedicere
1407 1892 1508 1930 non
1535 1875 1817 1944 proffibuit.
1890 1874 2165 1935 Attamen,
2205 1876 2285 1926 uti

399 1956 530 2017 dixi,
555 1954 804 2005 certitudo
823 1952 1098 2019 prophetae
1117 1954 1327 2005 moralis
1344 1960 1547 2008 tantum
1569 1960 1693 2016 erat,
1734 1955 1853 2019 quia
1872 1966 2023 2005 nemo
2044 1966 2101 2003 se
2118 1952 2285 2003 iusti-

401 2033 553 2083 ficare
581 2045 750 2083 coram
770 2032 880 2082 Deo
909 2036 1105 2098 potest,
1145 2044 1242 2082 nec
1268 2032 1454 2084 iactare
1482 2030 1624 2097 quod
1652 2032 1721 2081 sit
1736 2032 1833 2082 Dei
1854 2030 2059 2097 pietat-is
2077 2032 2285 2083 instru-

401 2116 664 2171 mentum,
699 2115 757 2159 ut
774 2109 886 2175 ipsa
905 2107 1166 2173 Scriptura
1185 2106 1359 2172 docet,
1394 2117 1444 2161 et
1462 2124 1545 2161 res
1565 2110 1677 2174 ipsa
1697 2107 1919 2168 indicat3
1954 2121 2075 2159 nam
2092 2107 2190 2159 Dei
2208 2106 2289 2158 ira

400 2184 649 2239 Davidem
677 2186 879 2237 seduxit
907 2184 973 2236 ad
1001 2185 1377 2237 numerandum
1410 2185 1691 2253 populum,
1733 2186 1883 2237 cuius
1913 2190 2082 2235 tamen
2109 2184 2287 2249 pieta-

403 2272 505 2315 tem
529 2263 789 2331 Scriptura
809 2260 1014 2313 abunde
1040 2268 1256 2313 testatur
1269 2263 1343 2330 ³).
1420 2264 1503 2316 10.
1542 2265 1667 2318 Tota
1697 2263 1851 2329 igitur
1880 2260 2131 2314 certitudo
2161 2274 2292 2327 pro-

402 2340 604 2407 phetica
624 2338 706 2389 his
728 2336 890 2388 tribus
909 2337 1251 2390 fundabatur:
1312 2340 1360 2390 1.
1403 2339 1554 2403 Quod
1579 2354 1663 2392 res
1682 2338 1924 2393 revelatas
1942 2338 2286 2401 viridissime,

405 2424 464 2467 ut
506 2431 603 2469 nos
646 2413 903 2481 vigilando
951 2414 1014 2465 ab
1061 2414 1274 2467 obiectis
1312 2416 1476 2469 affecti
1524 2418 1755 2469 solemus
1776 2454 1791 2479 ,
1848 2414 2287 2481 imaginabantur.

405 2495 460 2547 2.
499 2494 675 2557 Signo.
751 2492 802 2543 3.
838 2492 1079 2558 Denique
1117 2500 1168 2543 et
1203 2494 1502 2560 praecipue,
1563 2494 1705 2560 quod
1740 2493 1973 2545 animum
2010 2493 2076 2545 ad
2114 2493 2289 2545 solum

407 2584 634 2638 aequum
663 2576 712 2619 et
736 2567 933 2620 bonum
962 2569 1263 2621 inclinatum
1301 2569 1579 2623 habebant.
1649 2571 1986 2636 Et.quamvis
2022 2571 2289 2637 Scriptura

407 2665 513 2702 non
531 2660 735 2713 semper
753 2646 889 2711 signi
909 2648 1224 2698 mentionem
1243 2648 1412 2711 faciat,
1438 2646 1749 2701 eredendum
1772 2656 1943 2702 tamen
1964 2655 2044 2701 est
2063 2648 2291 2715 propbe-

409 2735 488 2777 tas
515 2738 718 2790 semper
754 2723 964 2789 signum
1005 2723 1279 2783 babuisse:
1322 2741 1440 2778 nam
1471 2725 1735 2791 Scriptura
1774 2740 1876 2776 non
1914 2740 2120 2792 semper
2158 2726 2293 2777 solet
2320 2730 2348 2757 '-

409 2817 592 2855 omnes
621 2800 944 2854 conditiones
973 2808 1023 2852 et
1056 2803 1465 2857 circumstantias
1486 2816 1721 2860 enarrare
1742 2801 1829 2870 (ut
1848 2803 1996 2856 multi
2015 2804 2117 2855 iam
2137 2809 2294 2856 nota-

412 2878 656 2947 verunt),
697 2878 791 2931 sed
817 2892 900 2931 res
930 2880 1100 2945 potius
1121 2887 1180 2931 ut
1197 2887 1347 2933 notas
1368 2894 1677 2949 supponere.
1754 2882 1838 2938 11.
1876 2882 2143 2937 Praeterea
2162 2894 2293 2935 con·
2376 2884 2385 2897 “

515 3016 557 3065 1)
591 3013 692 3056 Vid.
713 3016 736 3054 1
757 3012 879 3057 Sam.
901 3014 969 3069 25,
989 3014 1057 3055 24.
1077 3025 1179 3070 sqq.

515 3076 559 3123 2)
593 3072 694 3115 vid.
715 3073 737 3111 1
757 3072 867 3129 Reg.
887 3074 955 3122 22,
975 3073 1038 3113 19.
1061 3086 1162 3131 sqq.

517 3134 565 3187 8)
598 3133 626 3173 2
644 3132 768 3179 Sam.
789 3136 857 3191 24,
877 3137 914 3175 ι.
937 3144 1039 3191 sqq.
