2548 3485
1135 137 1272 182 cAP.
1329 137 1438 182 VH.
1734 177 1738 181 ,
2102 134 2131 191 1
2146 132 2221 192 15

351 320 550 376 auctor,
585 315 673 379 qui
691 313 960 380 epistolam
979 312 1046 366 ad
1063 313 1327 366 Hebraeos
1347 313 1579 379 scripsit,
1612 312 1936 366 excusandus
1955 315 2049 376 sit,
2082 315 2224 381 quod

351 406 464 457 cap.
490 392 573 446 11.
602 406 652 442 v.
673 393 760 445 21.
795 391 1156 457 interpretatus
1193 398 1274 442 est
1300 396 1491 442 textum
1523 389 1786 442 Geneseos
1813 403 1927 456 cap.
1948 391 2035 444 47.
2063 406 2111 444 v.
2135 393 2218 444 31.

350 469 500 536 longe
519 465 690 530 aliter,
721 481 878 532 quam
896 469 949 518 in
972 474 1212 534 punctato
1231 466 1469 518 Hebraeo
1490 473 1623 518 textu
1643 466 1883 530 habetur,
1925 468 2073 532 quasi
2091 482 2223 534 apo-

352 544 515 598 stolus
553 558 769 599 sensum
807 543 1100 611 scripturae
1137 561 1166 596 a
1203 545 1484 610 punctistis
1522 544 1719 596 discere
1755 542 2011 595 debuerit.
2095 545 2224 596 Mihi

351 620 792 687 sane-punctistae
820 622 994 687 potius
1021 622 1262 688 culpandi
1293 621 1553 680 videntur;
1594 617 1735 686 quod
1766 626 1824 670 ut
1859 621 2223 690 unusquisque

351 697 515 751 videat
551 704 600 751 et
627 696 814 758 simul,
853 698 992 762 quod
1021 697 1146 750 haec
1175 697 1512 763 discrepantia
1539 711 1569 750 a
1596 695 1987 760 solovocalium
2022 696 2223 750 defectu

349 781 458 831 orta
475 781 580 835 est,
612 781 884 839 utramque
906 775 1375 840 interpretationem
1395 772 1477 824 hic
1498 787 1703 839 ponam.
1778 775 1863 824 54.
1904 775 2218 835 Punctistae,

349 852 461 905 suis
497 852 705 918 punctis
741 851 963 913 scilicet,
1005 851 1319 918 interpretati
1357 858 1509 902 sunt:
1550 855 1605 900 ct
1637 852 1936 903 incurvavit
1966 867 2021 901 so
2056 850 2227 902 lsrael

346 953 510 1003 supra
528 936 604 989 vel
623 935 900 1004 (mutando
917 943 955 1006 p
973 939 1144 1004 Hgain
1172 937 1226 987 in
1248 943 1295 996 κ
1313 934 1483 1002 Aleph
1500 974 1512 996 ‚
1550 935 1604 986 in
1632 935 1831 988 literam
1861 936 2055 988 scilicet
2074 937 2221 988 eius-

349 1021 470 1076 dem
489 1023 688 1088 organi)
707 1039 886 1074 ver-sm
904 1029 1066 1090 caput
1083 1023 1233 1084 lecti,
1220 1039 1233 1050 ·
1273 1029 1449 1074 auctor
1466 1029 1637 1073 autem
1656 1021 1928 1087 epistolae:
1964 1027 2020 1074 et
2032 1024 2221 1074 incur-

346 1110 494 1158 vovit
516 1125 571 1159 aa
598 1109 766 1160 Isi-ael
789 1110 952 1176 ar'tpra
980 1114 1140 1176 caput
1169 1108 1374 1169 bacilli,
1416 1106 1629 1172 legendo
1650 1108 1893 1159 nimirum
1914 1111 2071 1171 Πωη
2084 1115 2224 1160 mate

347 1211 461 1262 loco
487 1209 626 1278 quod
658 1211 742 1262 alii
773 1214 929 1275 mon
944 1213 1104 1274 mita,
1147 1224 1280 1278 quae
1308 1209 1589 1262 differentia
1616 1224 1644 1259 a
1674 1209 1799 1260 solis
1828 1187 2091 1263 vocalihus
2120 1213 2226 1262 ori-

347 1303 694 1372 tur*).1am
735 1305 1150 1372 quandoquidem
1189 1305 1240 1354 in
1278 1303 1364 1354 illa
1403 1303 1687 1354 narratione
1725 1304 1790 1355 de
1824 1304 1935 1356 sola
1960 1313 2224 1360 senectute

347 1380 554 1444 Iacchi,
581 1397 688 1434 non
704 1388 903 1447 autem,
937 1383 1063 1434 utin
1085 1381 1323 1447 sequenti
1344 1380 1535 1445 capite,
1570 1379 1633 1431 de
1651 1381 1817 1444 ipsius
1837 1380 2015 1434 morbo
2035 1382 2219 1447 agitur,

351 1459 513 1524 magis
533 1459 835 1516 verosimile
855 1460 1079 1521 videtur,
1121 1464 1345 1508 mentem
1367 1456 1595 1508 historici
1616 1455 1777 1508 fuisse
1791 1496 1806 1518 ,
1847 1457 1983 1522 quod
2004 1457 2223 1509 lacobus

347 1549 506 1602 supra
536 1543 691 1602 caput
718 1534 886 1588 bacilli
914 1535 1046 1602 (qno
1075 1535 1320 1586 nimirum
1349 1545 1501 1585 senes
1528 1533 1942 1599 provectissimae
1960 1535 2139 1586 aetatis
2158 1533 2225 1585 ad

347 1625 405 1666 se
423 1611 788 1664 sustinendum
811 1611 1094 1680 indigent),
1135 1624 1239 1662 non
1267 1610 1579 1663 autem-lecti
1598 1625 1654 1662 se
1674 1611 2036 1673 incurvaverit,
2074 1624 2225 1677 prae·-

347 1690 498 1757 cipue
527 1703 688 1757 quum
717 1690 814 1742 hoc
844 1689 998 1740 modo
1026 1689 1127 1739 no'n
1149 1702 1359 1740 necesse
1377 1688 1471 1753 sit,
1510 1687 1667 1739 ullam
1690 1687 1949 1740 literarum
1969 1687 2225 1740 subalter-

346 1767 609 1821 nationem
641 1770 951 1835 supponere.
1025 1768 1109 1817 55.
1147 1767 1321 1833 Atque
1353 1766 1449 1818 hoc
1477 1766 1708 1833 exemplo
1737 1781 1839 1819 non
1868 1772 2066 1817 tantum
2086 1767 2224 1819 volui

347 1844 520 1896 locum
546 1845 704 1895 istum
738 1845 982 1912 epistolae
1011 1843 1074 1894 ad
1102 1842 1371 1897 Hebraeos
1398 1857 1517 1895 cum
1544 1849 1681 1893 textu
1702 1842 1965 1895 Geneseos
1994 1845 2225 1897 reconci-

347 1920 470 1973 liare
485 1959 499 1981 ,
539 1920 634 1971 sed
651 1922 925 1989 praecipue
943 1912 1214 1971 ostendere
1230 1959 1244 1981 ,
1285 1934 1442 1987 quam
1465 1933 1645 1985 parum
1666 1918 1783 1969 fidei
1802 1919 2065 1973 hodiernis
2087 1936 2225 1987 pun-

347 1998 442 2047 ctis
472 2004 520 2049 et
549 1997 846 2050 accentibus
874 1998 942 2047 sit
972 1996 1297 2056 h'abenduin;
1336 2001 1491 2061 atque
1522 1995 1649 2047 adeo
1671 1996 1758 2061 qui
1780 1996 2093 2062 scripturam
2112 2000 2224 2050 sine

346 2074 450 2125 ullo
481 2074 792 2139 praeiudicio
823 2075 1138 2141 interpretari
1170 2072 1302 2135 vult,
1343 2072 1407 2124 de
1438 2072 1575 2123 hisce
1607 2072 1842 2125 dubitare
1868 2079 2069 2125 tenetur
2088 2074 2224 2128 etde

344 2152 542 2215 integro
561 2153 868 2203 examinare.

451 2229 536 2281 56.
576 2228 653 2278 Ex
688 2227 783 2279 hac
819 2226 1103 2295 igitnr'(ut
1137 2225 1204 2278 ad
1241 2232 1475 2277 nostrum
1510 2226 1834 2292 propositum
1874 2225 2223 2293 revertamur)

347 2303 552 2371 linguae
571 2303 836 2357 Hebraeae
863 2304 1230 2355 constitutione
1261 2310 1313 2355 et
1341 2311 1520 2355 natura
1547 2296 1695 2355 facile
1713 2303 2078 2369 unusquisque
2098 2317 2225 2353 con-

347 2381 502 2433 iiccre
532 2388 730 2447 potest,
773 2388 848 2435 tot
875 2381 1062 2433 debere
1095 2382 1213 2433 oriri
1243 2378 1633 2447 ambiguitateS,
1667 2386 1725 2431 ut
1754 2380 1891 2432 nulla
1919 2380 2087 2447 possit
2112 2380 2224 2431 dari
2263 2412 2269 2419 -

347 2457 651 2519 methodus,
694 2473 796 2527 qua
824 2473 912 2510 eae
943 2472 1122 2510 omnes
1153 2457 1481 2509 determinari
1512 2463 1722 2523 queant.
1792 2457 1925 2509 Nam
1960 2456 2087 2509 nihil
2123 2464 2221 2523 cst,

348 2533 488 2599 quod
525 2549 825 2602 speramus,
866 2550 925 2586 ex
961 2542 1140 2587 mutua
1178 2536 1469 2588 orationum
1506 2534 1772 2587 collatione
1801 2534 1987 2601 (quam
2015 2534 2223 2585 unicam

348 2625 463 2663 esse
481 2612 617 2663 viam
637 2612 962 2665 ostendimus
981 2611 1047 2664 ad
1065 2626 1241 2665 verum
1263 2625 1475 2664 sensum
1496 2626 1554 2663 ex
1573 2610 1769 2688 multis,
1802 2625 1936 2678 quos
1955 2623 2223 2677 unaquae-

446 2804 490 2858 ·)
523 2776 766 2863 Epistulae
801 2806 860 2851 ad
889 2805 1034 2851 Behr.
1063 2810 1252 2862 auctor,
1288 2805 1357 2849 nti
1392 2804 1538 2861 solet,
1574 2805 1691 2851 haec
1724 2804 1868 2850 verba
1903 2802 2131 2849 desumsit
2166 2814 2224 2848 ex

347 2872 488 2919 1211.
507 2874 734 2931 interpr..
774 2868 861 2919 καὶ
883 2866 1274 2939 προσεκύνησεν
1288 2864 1509 2937 Ἰσραὴλ,
1534 2868 1623 2919 ἐπὶ
1642 2866 1705 2919 τὸ
1724 2863 1885 2935 ἄκρον
1900 2867 1997 2933 τῆς
2018 2862 2223 2939 ῥάβδου

348 2942 528 2999 αὑτοῦ.
596 2950 743 2997 Alit‘cr
769 2952 1100 3007 symmachus.
1139 2944 1227 2996 aaz
1247 2941 1311 2996 τὸ
1338 2940 1499 3013 ἄκρων
1525 2946 1620 3011 τῆς
1646 2943 1837 3009 uume-
1906 2948 2097 3006 Aquila.
2136 2942 2223 2993 ἐπὶ

348 3022 576 3090 κεφαλὴν
609 3024 708 3091 τῆς
744 3022 933 3089 κλίνης.
1011 3027 1171 3084 vulg-z
1225 3025 1449 3099 adoravit
1483 3024 1633 3071 Deum
1671 3036 1921 3067 conversus
1956 3026 2025 3069 aa
2056 3022 2222 3070 lectuli

350 3100 513 3152 caput.

1720 3161 1754 3215 8
1767 3161 1795 3193 vv
