2548 3485
1162 147 1300 191 car.
1353 149 1412 192 V.
2139 143 2220 202 83

341 325 428 378 39.
466 323 639 390 Atque
659 324 783 375 haec
802 323 1063 391 Scriptura
1082 325 1193 375 sola
1220 323 1529 390 experientia
1553 325 1883 391 comprobat,
1922 339 2106 392 nempe
2133 328 2222 390 iis,

338 414 471 468 quas
500 407 692 464 narrat,
731 401 957 452 historiis
972 439 987 461 ,
1026 417 1121 452 nec
1140 398 1273 452 niias
1304 401 1488 452 barum
1511 416 1680 453 rernm
1701 403 2026 454 definitiones
2045 403 2215 465 tradit,

338 479 433 530 sed
454 479 625 528 omnia
642 477 793 529 verba
814 485 865 529 et
884 480 1107 530 rationes
1126 479 1298 545 captui
1317 478 1487 544 plebis
1507 479 1876 530 accommodat.
1947 481 2016 530 Et
2035 495 2223 546 quam-

337 557 417 606 vis
435 557 743 621 experientia
762 555 957 606 nuliam
978 555 1158 606 harum
1180 569 1352 606 rerum
1377 555 1565 606 claram
1590 557 1935 620 cognitionem
1957 557 2074 608 dare
2092 571 2224 624 pos-

258 629 263 634 ’
338 634 425 694 sit,
450 645 545 688 neo
566 633 775 695 docere,
814 634 941 698 quid
962 635 1110 684 Deus
1126 635 1217 694 sit,
1248 641 1308 684 -et
1335 647 1437 698 qua
1457 635 1650 684 ratione
1669 647 1751 684 res
1767 647 1952 684 omnes
1971 640 2224 685 sustentet

335 717 389 760 et
406 705 590 774 dirigat
608 709 1191 776 bominumqumcuram
1220 710 1431 771 babeat3
1475 716 1644 776 potest
1661 717 1834 760 tamen
1853 704 2088 761 homines
2106 717 2224 761 tan-

336 795 447 838 tnm
466 785 649 838 docere
668 793 715 836 et
735 786 1053 849 illuminare,
1093 794 1344 854 qnantum
1373 786 1437 838 ad
1465 785 1810 838 obedientiam
1833 791 1884 837 et
1901 787 2221 839 devotionem

338 877 515 914 eornm
536 863 727 914 animis
743 865 1148 930 imprimendum
1168 863 1378 916 sufficit.
1449 865 1536 918 40.
1573 863 1750 929 Atque
1766 879 1826 914 ex
1845 863 1928 914 his
1947 865 2072 914 satis
2090 863 2222 914 clare

336 947 573 991 constare
606 948 757 1006 puto,
798 941 993 1007 quibus
1030 950 1081 993 et
1108 956 1209 1008 qua
1234 943 1434 993 ratione
1461 940 1590 992 fides
1617 941 1946 992 historiarum
1977 941 2033 991 in
2061 942 2220 992 sacris

336 1023 691 1070 contentarum
712 1020 998 1070 necessaria
1012 1021 1104 1071 sit.
1167 1020 1242 1070 Ex
1262 1019 1418 1070 modo
1439 1019 1662 1070 ostensis
1681 1019 1821 1069 enim
1841 1017 2222 1070 evidentissime

336 1095 598 1159 sequitur,
636 1108 814 1146 earum
844 1096 1079 1148 notitiam
1100 1104 1150 1147 et
1178 1095 1332 1146 fidem
1359 1096 1536 1160 vulgo,
1577 1097 1727 1145 cuius
1756 1095 2019 1160 ingenium
2047 1094 2114 1145 ad
2139 1109 2222 1146 res

336 1171 471 1222 claro
498 1177 549 1222 et
574 1171 815 1223 distincte
845 1166 1233 1238 percipiendum
1262 1186 1364 1223 non
1392 1173 1549 1233 vaiet,
1587 1185 1794 1222 summe
1822 1174 1938 1223 e'sse
1974 1186 2222 1224 necessa·-

334 1249 489 1308 riam;
529 1248 744 1310 deiude,
782 1263 931 1311 eum,
970 1251 1061 1315 qui
1088 1265 1177 1301 eas
1206 1255 1385 1314 negat,
1425 1251 1548 1314 quia
1581 1263 1682 1298 non
1715 1249 1876 1300 credit
1891 1251 2062 1300 Deum
2081 1264 2215 1313 esse,

336 1339 505 1391 neque
532 1339 653 1376 enm
682 1324 839 1376 rebus
866 1333 917 1380 et
944 1325 1247 1398 hominibus
1264 1325 1556 1390 providere,
1595 1327 1812 1390 impium
1832 1341 1974 1386 esse3
2016 1327 2106 1391 qni
2125 1341 2222 1377 au·-

335 1410 441 1454 tem
461 1415 550 1453 eas
568 1403 787 1469 ignorat,
818 1410 869 1454 et
888 1403 1049 1454 nihilo
1070 1404 1244 1455 minus
1264 1403 1464 1453 lumine
1479 1403 1696 1454 naturali
1718 1404 1872 1468 novit,
1895 1404 2062 1455 Deum
2082 1418 2219 1465 esse,

336 1486 388 1531 et
412 1495 549 1546 qnae
573 1493 725 1546 porro
755 1479 1009 1542 diximuS,
1044 1487 1096 1531 et
1122 1480 1310 1534 deinde
1338 1495 1507 1532 veram
1537 1480 1734 1532 vivendi
1763 1481 2008 1532 rationem
2045 1479 2217 1542 habet,

333 1557 546 1608 beatum
564 1557 777 1608 omnino
796 1571 933 1618 esse,
953 1559 1061 1610 imo
1080 1559 1231 1624 vulgo
1251 1557 1529 1610 beatiorem
1541 1596 1558 1622 ,
1581 1558 1921 1625 quiapraeter
1936 1569 2082 1608 veras
2101 1559 2220 1623 opi-

332 1636 516 1686 nioaes
543 1634 737 1686 ciarum
766 1634 982 1700 insuper
1008 1643 1059 1686 et
1088 1635 1392 1687 distinctum
1419 1635 1571 1687 habet
1597 1641 1922 1700 conceptum.
1995 1636 2078 1686 41.
2113 1636 2221 1686 De·-

287 1760 293 1766 .
334 1712 493 1778 nique
520 1713 783 1778 seqnitur,
822 1725 970 1775 eum,
1011 1713 1102 1779 qui
1138 1711 1233 1764 bas
1268 1713 1508 1765 historias
1539 1713 1828 1779 Scripturae
1863 1713 2086 1778 ignorat,
2127 1726 2223 1764 nec

334 1790 533 1841 lumine
552 1788 767 1841 naturali
787 1788 987 1856 aliquid
1004 1792 1163 1852 novit,
1186 1793 1231 1841 si
1252 1806 1355 1843 non
1376 1792 1593 1858 impium
1613 1792 1720 1841 sive
1737 1798 2112 1851 contumacem,
2136 1791 2221 1840 in·-

334 1867 621 1920 humanum
641 1874 949 1925 tamenesse
967 1875 1019 1919 et
1041 1882 1205 1934 paene
1222 1868 1459 1931 brutum,
1501 1868 1596 1918 n'ec
1615 1868 1778 1919 ullum
1797 1869 1892 1917 Dei
1913 1868 2107 1917 donum
2127 1866 2220 1917 ha·-

332 1943 473 1995 bere.
546 1944 739 1995 Verum
757 1946 841 1997 bic
859 1945 1143 1997 notandum
1160 1984 1173 2007 ‚
1206 1960 1303 1996 nos
1323 1958 1487 2011 quum
1509 1945 1730 1995 dicimus
1743 1983 1756 2005 ,
1798 1945 2033 1995 notitiam
2052 1944 2220 1995 histo-

334 2022 527 2072 riarum
554 2022 705 2087 vulgo
732 2036 937 2075 summe
965 2037 1079 2074 esse
1108 2024 1454 2075 necessariam
1472 2061 1486 2083 ,
1529 2037 1628 2072 non
1668 2021 1950 2087 intellige-re⁴
1985 2023 2218 2073 notitiam

330 2099 566 2149 omnium
592 2112 807 2165 prorsus
835 2100 1163 2151 historiarum
1181 2114 1373 2165 „qnae
1395 2101 1446 2149 in
1477 2100 1636 2150 saeris
1675 2098 1835 2149 literis
1869 2100 2214 2160 continentur,

270 2190 276 2195 ·
332 2176 424 2227 sed
446 2183 643 2228 tantum
666 2190 845 2228 earum
860 2216 875 2239 ‚
914 2192 1047 2243 quae
1068 2178 1376 2243 praecipuae
1392 2184 1542 2237 sunt,
1575 2183 1626 2226 et
1644 2190 1778 2242 quae
1797 2175 1936 2226 solae
1956 2176 2072 2227 sine
2098 2175 2222 2225 reli-

330 2254 453 2319 quis
471 2253 777 2319 doctrinam,
798 2267 959 2319 qnam
978 2255 1135 2308 modo
1154 2254 1398 2317 diximus,
1423 2252 1709 2305 evidentius
1727 2251 2026 2315 ostendunt,
2049 2252 2220 2305 homi-

331 2344 565 2396 numque
600 2331 804 2383 animos
842 2332 1061 2383 maxime
1100 2346 1304 2383 movere
1341 2338 1581 2397 possunt.
1659 2332 1744 2384 42.
1785 2332 1913 2381 Nam
1952 2330 1999 2381 si
2035 2344 2218 2383 omnes

332 2408 623 2475 Scripturae
650 2408 895 2461 historiae
925 2408 1242 2462 necessariae
1270 2416 1448 2461 essent
1466 2408 1530 2459 ad
1551 2408 1664 2458 eius
1685 2408 1968 2459 doctrinam
1986 2408 2218 2475 proban-

333 2485 483 2547 dam,
518 2500 619 2538 nec
644 2486 913 2537 conclusio
938 2487 1052 2537 elici
1080 2493 1255 2553 posset
1282 2487 1382 2540 nisi
1411 2500 1470 2536 ex
1507 2486 1778 2536 universali
1808 2485 2216 2539 consideratione

334 2564 565 2614 omnium
581 2577 799 2630 prorsus
818 2563 1147 2615 historiarum
1162 2602 1178 2624 ‚
1210 2564 1414 2630 quaein
1434 2564 1548 2629 ipsa
1569 2562 1920 2625 continentum
1961 2570 2073 2616 tum
2093 2578 2216 2615 sane

330 2641 415 2690 ius
444 2640 701 2692 doetrinae
738 2640 1108 2693 demonstratio
1144 2647 1195 2691 et
1229 2640 1492 2691 conclusio
1530 2655 1630 2691 non
1669 2647 1866 2693 tantum
1887 2641 2081 2708 plebis,
2121 2641 2214 2692 sed

331 2716 916 2783 absolute'hnmannm„
941 2726 1147 2785 captum
1186 2725 1237 2769 et
1272 2720 1406 2769 vires
1439 2725 1725 2784 superaret.
1808 2720 1940 2782 Quis
1974 2720 2113 2769 enim
2150 2718 2214 2767 ad

328 2802 435 2846 tam
464 2808 713 2861 magnum
742 2808 1017 2849 numerum
1047 2795 1377 2847 historiarum
1405 2796 1562 2846 simui
1591 2797 1854 2849 attendere
1878 2802 2056 2862 posset
2072 2802 2124 2845 et
2147 2795 2213 2845 ad

331 2880 409 2925 tot
425 2874 841 2925 circumstantias
861 2880 913 2923 et
930 2880 1099 2939 partes
1120 2872 1384 2924 doetrinae
1396 2908 1410 2935 ,
1450 2886 1584 2938 quae
1602 2888 1663 2926 ex
1681 2882 1757 2927 tot
1771 2881 1980 2938 tamque
2000 2870 2214 2923 diversis

332 2950 565 3003 historiis
586 2948 802 3002 deberet
818 2946 969 3002 elici?
1037 2951 1123 3003 43.
1160 2952 1271 3016 Ego
1291 2950 1472 3001 saltem
1492 2948 1620 3001 mihi
1640 2965 1743 3002 non
1764 2964 1979 3017 possum
1998 2963 2215 3016 persua-

331 3026 478 3092 dere,
521 3028 665 3094 qnod
682 3027 917 3080 homines
936 3027 1011 3080 illi
1023 3065 1039 3092 ‚
1082 3028 1172 3094 qui
1194 3026 1346 3079 nobis
1367 3027 1682 3093 Scripturam
1697 3064 1712 3089 ,
1751 3034 1904 3094 prout
1921 3042 2034 3077 eam
2052 3024 2214 3077 habe-

330 3117 453 3158 mus
464 3144 483 3173 ,⁴
518 3106 864 3172 reiiquernnt,
906 3112 1047 3157 tanto
1076 3106 1282 3172 ingenio
1311 3103 1708 3166 abundaverint,
1749 3112 1805 3154 ut
1825 3102 1974 3154 talem
1995 3102 2212 3155 demon-

1711 3188 1742 3240 6
1757 3188 1786 3220 ’k
