2548 3485
1065 191 1201 238 cat».
1254 191 1366 238 vn.
2035 185 2154 248 123

283 371 397 423 eius
423 383 577 422 verus
606 382 793 420 sensus
821 383 878 420 cx
905 369 1017 437 ipsa
1043 375 1277 422 constare
1293 369 1486 438 potest,
1515 368 1750 436 ‘adeoque
1770 380 1938 442 neque
1958 369 2172 437 abipsa:

281 449 377 500 crit
395 447 670 514 petendus.
740 445 901 512 Atqui
934 446 1029 498 hoc
1047 448 1199 499 etiam
1218 447 1408 499 falsum
1428 453 1544 499 esse
1561 457 1620 499 ex
1635 447 1734 499 noc
1752 449 1918 514 capite
1936 455 2152 499 constat.
2201 457 2206 462 ·

284 520 619 576 Ostendimus
650 523 788 574 enim
821 529 871 574 et
896 524 1092 578 ratione
1121 531 1172 576 et
1204 525 1479 591 exemplis,
1519 535 1734 576 sensum
1772 525 2060 590 scripturae
2095 538 2156 576 ex

282 602 397 667 ipsa
416 599 524 652 sola
546 600 806 665 Scriptura
834 607 1067 653 constare
1086 607 1137 652 et
1155 601 1220 652 ab
1238 603 1351 668 ipsa
1371 601 1482 652 soia
1495 641 1509 665 ,
1548 601 1698 653 etiam
1727 614 1889 667 quum
1916 600 1980 652 de
1998 599 2154 652 rebus

282 678 512 744 loquitur
529 676 727 728 iumine
744 677 963 728 naturali
981 679 1135 741 notis,
1161 679 1462 745 petendum.
1506 701 1512 708 ·
1534 679 1621 731 85.
1659 679 1912 746 supponit
1931 678 2154 744 denique

283 753 433 806 nobis
453 753 605 805 licere
623 753 912 806 secuudum
932 762 1135 807 nostras
1158 763 1556 822 praeconceptae
1576 757 1845 823 opiniones
1867 755 2155 820 Scripturae

282 829 431 883 verba
450 829 724 896 expiicare,
766 838 1030 897 torquere,
1070 839 1121 883 et
1138 833 1383 904 literalem
1411 844 1652 898 sensum,
1693 845 2007 900 quamquam
2035 845 2156 897 per-

282 906 667 978 spectissimum
696 906 803 958 sive
831 909 1311 975 expressissimum,
1349 923 1534 975 negare
1562 917 1613 961 et
1639 911 1690 960 in
1726 910 1883 960 alium
1919 909 2153 974 quemvis

282 991 497 1035 mutare.
570 984 738 1046 Quam
782 982 997 1048 quidem
1040 974 1327 1047 licentiam,
1384 993 1738 1053 praeterquam
1775 985 1914 1052 quod
1951 987 2064 1052 ipsa
2097 997 2156 1036 ex

282 1061 529 1112 diametro
549 1059 632 1123 iis,
652 1060 857 1126 quaein
878 1061 975 1113 hoc
992 1062 1157 1128 capite
1177 1068 1229 1114 et
1244 1061 1359 1114 aliis
1379 1062 1863 1123 demonstravimus,
1885 1069 2150 1127 repugnat,

278 1151 432 1188 nemo
468 1149 570 1188 non
596 1136 744 1189 ·videt
780 1139 992 1189 nimiam
1027 1145 1079 1190 et
1104 1140 1422 1190 temerariam
1453 1152 1588 1190 esse.
1656 1135 1747 1190 86.
1787 1139 1886 1190 Sed
1917 1151 2153 1204 magnam

281 1213 413 1264 hanc
430 1212 713 1264 libertatem
730 1215 834 1281 ipsi
854 1215 1227 1276 concedamus3
1267 1215 1393 1281 quid
1423 1215 1628 1266 tandem
1655 1211 1950 1282 promovet?
2013 1213 2152 1265 Nihil

284 1304 434 1351 sane3
474 1303 609 1355 quac
627 1292 764 1342 enlm
784 1290 1259 1344 indemonstrabilia
1279 1299 1401 1342 sunt
1419 1299 1469 1342 et
1487 1305 1617 1357 quae
1638 1294 1905 1344 maximam
1927 1292 2155 1356 Scriptu-

278 1380 365 1418 rae
399 1373 596 1432 partem
635 1375 980 1435 componunt,
1020 1369 1115 1420 hac
1151 1369 1350 1420 ratione
1375 1369 1678 1433 investigare
1705 1381 1813 1426 non,
1845 1369 2150 1434 poterimus,

278 1457 449 1509 neque
476 1457 535 1494 ex
562 1443 654 1494 hac
680 1457 861 1496 norma
890 1445 1158 1512 expiieare,
1199 1459 1370 1510 neque
1391 1445 1735 1512 interpretari:
1774 1459 1935 1512 quum
1955 1452 2150 1506 contra,

278 1527 507 1572 nostram
535 1519 834 1572 methodum
864 1522 1218 1587 insequendo,
1256 1521 1481 1588 plurima
1510 1522 1664 1573 huius
1683 1521 1884 1588 generis
1903 1521 2152 1592 explicare

278 1604 327 1648 et
365 1596 430 1648 de
469 1597 533 1647 iis
562 1609 743 1649 secure
772 1599 1022 1650 disserere
1056 1611 1370 1666 possumns;
1409 1605 1468 1649 ut
1503 1599 1604 1650 iam
1639 1605 1691 1650 et
1727 1599 1918 1648 ratione
1952 1602 2002 1649 et
2035 1598 2151 1664 ipso

279 1672 413 1725 facto
446 1673 793 1726 ostendimus.
866 1675 1013 1738 Quae
1058 1683 1230 1728 autem
1267 1687 1365 1728 sua
1403 1682 1585 1726 natura
1621 1667 1969 1744 perceptibilia
2004 1680 2148 1736 sunt,

277 1766 455 1803 eorum
476 1766 665 1803 sensus
686 1752 833 1805 facile
848 1792 862 1815 ,
901 1755 1075 1805 utiam
1096 1754 1247 1805 etiam
1266 1751 1618 1818 ostendimus,
1657 1766 1718 1804 ex
1734 1752 1846 1805 solo
1863 1753 2151 1804 orationum

278 1834 516 1880 contextu
572 1828 790 1880 elicitur.
864 1830 1039 1893 Quare
1091 1830 1217 1887 haec
1272 1827 1544 1881 methodus
1597 1830 1745 1896 piane
1799 1830 1994 1881 inutilis
2049 1838 2148 1881 est.

278 1905 367 1956 87.
403 1905 555 1957 Adde
590 1904 731 1972 quod
768 1920 974 1957 omnem
1013 1906 1399 1970 certitudinem,
1451 1920 1602 1973 quam
1639 1903 1824 1972 vuigus
1859 1920 1918 1958 ex
1953 1907 2150 1958 sincera

280 1982 499 2033 lectione
528 1990 577 2033 et
602 1996 760 2049 quam
780 1973 991 2045 omnes,
1028 1984 1177 2035 aiiam
1198 1982 1500 2034 methodum
1519 1983 1843 2048 insequendo
1858 2022 1872 2045 ,
1911 1981 1976 2033 de
1992 1990 2151 2034 sensu

281 2058 573 2125 Scriptum
601 2059 787 2110 habere
822 2066 1068 2126 possunt,
1106 2060 1258 2126 piane
1294 2060 1357 2111 iis
1393 2060 1591 2110 adimit.
1665 2060 1988 2125 Quapropter
2021 2060 2151 2111 hanc

276 2134 627 2187 Haimonidae
662 2138 969 2188 sententiam
1006 2144 1065 2189 ut
1100 2138 1332 2201 noxiam,
1389 2136 1622 2188 inutiiem
1661 2143 1711 2187 et
1747 2134 2022 2188 absurdam
2059 2149 2150 2186 ex-

280 2210 561 2278 plodimus.

382 2288 467 2339 88.
508 2289 660 2351 Quod
691 2304 841 2355 porro
858 2288 1249 2342 Pharisaeorum
1278 2289 1600 2342 traditionem
1627 2288 1830 2351 attinet,
1870 2289 1972 2340 iam
1993 2300 2150 2355 supra

280 2362 599 2433 diximus*)‚
638 2380 751 2417 eam
789 2365 888 2417 sibi
925 2380 1029 2417 non
1068 2374 1325 2427 constare;
1365 2366 1664 2435 pontificum
1691 2372 1860 2418 autem
1887 2367 2151 2422 Romano-

280 2454 394 2490 rum
414 2444 765 2495 auctoritatem
792 2443 1112 2495 iucuientiori
1134 2444 1428 2495 testimonio
1447 2443 1704 2510 indigere;
1742 2450 1795 2495 et
1810 2442 1953 2494 nulia
1969 2442 2065 2494 alia
2085 2442 2150 2494 de

282 2529 436 2568 causa
462 2517 593 2569 hanc
620 2519 858 2587 reprobo.
929 2520 1059 2571 Nam
1088 2521 1135 2571 si
1162 2534 1221 2570 cx
1247 2522 1360 2585 ipsa
1389 2522 1648 2586 Scriptura
1676 2532 1787 2571 eam
1817 2518 1967 2572 nobie
1987 2534 2150 2586 aeque

282 2600 419 2645 certo
438 2594 781 2658 ostenderent,
804 2610 863 2648 ac
880 2596 1189 2648 ludaeorum
1207 2596 1475 2664 pontifices
1495 2597 1617 2648 oiim
1637 2604 1868 2664 poterant
1883 2637 1896 2659 ,
1915 2595 2044 2649 nihii
2065 2610 2149 2647 me

282 2676 529 2734 moveret,
568 2673 710 2738 quod
736 2674 870 2724 inter
896 2675 1156 2725 Romanos
1189 2673 1456 2739 pontifices
1486 2676 1669 2740 reperti
1700 2674 1889 2726 fuerint
1907 2672 2146 2725 haeretici

281 2754 331 2797 et
358 2747 527 2814 impii;
569 2742 883 2815 quumoiim
921 2752 1053 2801 inter
1087 2746 1440 2802 Hebraeorum
1476 2750 1742 2817 pontifices
1776 2752 1928 2801 etiam
1963 2748 2147 2815 reperti

281 2824 475 2875 fuerint
490 2824 726 2877 haeretici
744 2834 796 2878 et
811 2827 984 2893 impii,
1023 2829 1113 2893 qui
1140 2828 1366 2878 sinistris
1385 2827 1570 2879 mediis
1597 2826 1947 2894 pontificatum
1973 2824 2148 2891 adepti

280 2907 402 2951 sunt
415 2940 430 2965 ,
466 2910 629 2967 penes
656 2913 790 2968 quos
819 2911 987 2955 tamen
1009 2916 1066 2954 ex
1082 2904 1377 2970 Scripturae
1395 2905 1636 2956 mandato
1655 2914 1858 2954 summa
1876 2907 1983 2953 erat
1999 2908 2148 2967 pote-

282 2982 389 3029 stas
424 2976 589 3045 legem
624 2978 1006 3046 interpretandi.
1079 2980 1209 3033 Vide
1243 2982 1456 3033 beuter.
1487 2992 1599 3046 cap.
1625 2979 1707 3033 17.
1728 2988 1860 3033 vers.
1883 2980 1969 3031 11.
1991 2980 2076 3033 12.
2096 2984 2147 3029 et

384 3146 427 3199 ⁹)
456 3144 554 3191 Vid.
574 3138 715 3194 huius
732 3160 834 3205 cap.
854 3150 898 3202 ς.
917 3149 983 3192 ³8.
1005 3160 1076 3207 sq.
