<?xml version="1.0" encoding="UTF-8"?>
<!DOCTYPE html PUBLIC "-//W3C//DTD XHTML 1.0 Transitional//EN"
    "http://www.w3.org/TR/xhtml1/DTD/xhtml1-transitional.dtd">
<html xmlns="http://www.w3.org/1999/xhtml" xml:lang="en" lang="en">
 <head>
  <title>
</title>
<meta http-equiv="Content-Type" content="text/html;charset=utf-8" />
  <meta name='ocr-system' content='tesseract 3.04.00' />
  <meta name='ocr-capabilities' content='ocr_page ocr_carea ocr_par ocr_line ocrx_word'/>
</head>
<body>
  <div class='ocr_page' id='page_1' title='image "benedictidespin05brudgoog_0146.png"; bbox 0 0 2548 3485; ppageno 0'>
   <div class='ocr_carea' id='block_1_1' title="bbox 384 135 1870 240">
    <p class='ocr_par' dir='ltr' id='par_1_1' title="bbox 384 135 1870 240">
     <span class='ocr_line' id='line_1_1' title="bbox 384 135 1870 240; baseline 0.001 -24"><span class='ocrx_word' id='word_1_1' title='bbox 384 160 517 227; x_wconf 75' lang='lat'><strong>-122</strong></span> <span class='ocrx_word' id='word_1_2' title='bbox 666 233 673 240; x_wconf 21' lang='grc' dir='ltr'>ι</span> <span class='ocrx_word' id='word_1_3' title='bbox 792 170 1179 218; x_wconf 66' lang='lat' dir='ltr'><strong>macru-us</strong></span> <span class='ocrx_word' id='word_1_4' title='bbox 1208 135 1870 217; x_wconf 70' lang='grc' dir='ltr'>ΤιιΕοιοωὸο-Ροιιτ.</span> 
     </span>
    </p>
   </div>
   <div class='ocr_carea' id='block_1_2' title="bbox 348 341 2278 2261">
    <p class='ocr_par' dir='ltr' id='par_1_2' title="bbox 348 341 2278 2032">
     <span class='ocr_line' id='line_1_2' title="bbox 392 341 2262 416; baseline -0.001 -17"><span class='ocrx_word' id='word_1_5' title='bbox 392 349 560 414; x_wconf 81' lang='lat' dir='ltr'><strong>neque</strong></span> <span class='ocrx_word' id='word_1_6' title='bbox 575 343 731 400; x_wconf 78' lang='lat' dir='ltr'><strong>etiam</strong></span> <span class='ocrx_word' id='word_1_7' title='bbox 752 347 814 400; x_wconf 77' lang='lat' dir='ltr'><strong>de</strong></span> <span class='ocrx_word' id='word_1_8' title='bbox 834 349 950 402; x_wconf 74' lang='lat' dir='ltr'><strong>vei-o</strong></span> <span class='ocrx_word' id='word_1_9' title='bbox 968 358 1126 401; x_wconf 85' lang='lat' dir='ltr'><strong>sensu</strong></span> <span class='ocrx_word' id='word_1_10' title='bbox 1146 353 1197 400; x_wconf 92' lang='lat' dir='ltr'><strong>et</strong></span> <span class='ocrx_word' id='word_1_11' title='bbox 1215 350 1384 401; x_wconf 86' lang='lat' dir='ltr'><strong>mente</strong></span> <span class='ocrx_word' id='word_1_12' title='bbox 1402 341 1712 416; x_wconf 75' lang='lat' dir='ltr'><strong>scripturae,</strong></span> <span class='ocrx_word' id='word_1_13' title='bbox 1731 347 1826 400; x_wconf 86' lang='lat' dir='ltr'><strong>sed</strong></span> <span class='ocrx_word' id='word_1_14' title='bbox 1846 341 1910 400; x_wconf 86' lang='lat' dir='ltr'><strong>ad</strong></span> <span class='ocrx_word' id='word_1_15' title='bbox 1931 347 2028 398; x_wconf 82' lang='lat' dir='ltr'><strong>lioc</strong></span> <span class='ocrx_word' id='word_1_16' title='bbox 2047 345 2146 398; x_wconf 86' lang='lat' dir='ltr'><strong>alio</strong></span> <span class='ocrx_word' id='word_1_17' title='bbox 2164 357 2262 398; x_wconf 87' lang='lat' dir='ltr'><strong>ne-</strong></span> 
     </span>
     <span class='ocr_line' id='line_1_3' title="bbox 392 416 2264 494; baseline 0 -20"><span class='ocrx_word' id='word_1_18' title='bbox 392 425 615 478; x_wconf 78' lang='lat' dir='ltr'><strong>cessario</strong></span> <span class='ocrx_word' id='word_1_19' title='bbox 640 424 836 476; x_wconf 81' lang='lat' dir='ltr'><strong>lumine</strong></span> <span class='ocrx_word' id='word_1_20' title='bbox 866 424 1230 494; x_wconf 76' lang='lat' dir='ltr'>indigeremus</span> <span class='ocrx_word' id='word_1_21' title='bbox 1303 425 1388 477; x_wconf 79' lang='lat'><strong>79.</strong></span> <span class='ocrx_word' id='word_1_22' title='bbox 1425 416 1624 477; x_wconf 69' lang='lat' dir='ltr'><strong>Deinde</strong></span> <span class='ocrx_word' id='word_1_23' title='bbox 1655 418 1701 477; x_wconf 79' lang='lat' dir='ltr'><strong>si</strong></span> <span class='ocrx_word' id='word_1_24' title='bbox 1727 419 1853 477; x_wconf 83' lang='lat' dir='ltr'><strong>haec</strong></span> <span class='ocrx_word' id='word_1_25' title='bbox 1880 423 2131 479; x_wconf 86' lang='lat' dir='ltr'><strong>sententia</strong></span> <span class='ocrx_word' id='word_1_26' title='bbox 2149 437 2264 477; x_wconf 86' lang='lat' dir='ltr'><strong>vera</strong></span> 
     </span>
     <span class='ocr_line' id='line_1_4' title="bbox 392 497 2264 570; baseline 0 -17"><span class='ocrx_word' id='word_1_27' title='bbox 392 507 543 566; x_wconf 87' lang='lat' dir='ltr'><strong>essct,</strong></span> <span class='ocrx_word' id='word_1_28' title='bbox 585 501 888 568; x_wconf 75' lang='lat' dir='ltr'><strong>sequeretur</strong></span> <span class='ocrx_word' id='word_1_29' title='bbox 905 503 1047 569; x_wconf 86' lang='lat' dir='ltr'><strong>quod</strong></span> <span class='ocrx_word' id='word_1_30' title='bbox 1064 503 1274 570; x_wconf 78' lang='lat' dir='ltr'><strong>vulgus,</strong></span> <span class='ocrx_word' id='word_1_31' title='bbox 1316 503 1405 570; x_wconf 82' lang='lat' dir='ltr'><strong>qui</strong></span> <span class='ocrx_word' id='word_1_32' title='bbox 1425 501 1782 569; x_wconf 85' lang='lat' dir='ltr'><strong>utplurimum</strong></span> <span class='ocrx_word' id='word_1_33' title='bbox 1798 497 2264 554; x_wconf 74' lang='lat' dir='ltr'><strong>demonstrationes</strong></span> 
     </span>
     <span class='ocr_line' id='line_1_5' title="bbox 390 577 2268 646; baseline 0.001 -17"><span class='ocrx_word' id='word_1_34' title='bbox 390 579 612 646; x_wconf 75' lang='lat' dir='ltr'><strong>ignorat,</strong></span> <span class='ocrx_word' id='word_1_35' title='bbox 638 577 803 631; x_wconf 81' lang='lat' dir='ltr'><strong>‘veliis</strong></span> <span class='ocrx_word' id='word_1_36' title='bbox 820 593 995 632; x_wconf 85' lang='lat' dir='ltr'><strong>vacare</strong></span> <span class='ocrx_word' id='word_1_37' title='bbox 1015 581 1225 646; x_wconf 84' lang='lat' dir='ltr'><strong>nequit,</strong></span> <span class='ocrx_word' id='word_1_38' title='bbox 1248 579 1313 631; x_wconf 89' lang='lat' dir='ltr'><strong>de</strong></span> <span class='ocrx_word' id='word_1_39' title='bbox 1335 579 1595 646; x_wconf 87' lang='lat' dir='ltr'><strong>Scriptura</strong></span> <span class='ocrx_word' id='word_1_40' title='bbox 1614 578 1741 631; x_wconf 86' lang='lat' dir='ltr'><strong>nihil</strong></span> <span class='ocrx_word' id='word_1_41' title='bbox 1761 581 1859 630; x_wconf 85' lang='lat' dir='ltr'><strong>nisi</strong></span> <span class='ocrx_word' id='word_1_42' title='bbox 1881 595 1939 631; x_wconf 83' lang='lat' dir='ltr'><strong>ex</strong></span> <span class='ocrx_word' id='word_1_43' title='bbox 1959 579 2066 632; x_wconf 89' lang='lat' dir='ltr'><strong>sola</strong></span> <span class='ocrx_word' id='word_1_44' title='bbox 2087 585 2268 632; x_wconf 88' lang='lat' dir='ltr'><strong>aucto-</strong></span> 
     </span>
     <span class='ocr_line' id='line_1_6' title="bbox 390 655 2266 724; baseline -0.001 -15"><span class='ocrx_word' id='word_1_45' title='bbox 390 657 537 709; x_wconf 87' lang='lat' dir='ltr'><strong>ritate</strong></span> <span class='ocrx_word' id='word_1_46' title='bbox 562 655 613 707; x_wconf 79' lang='lat' dir='ltr'><strong>et</strong></span> <span class='ocrx_word' id='word_1_47' title='bbox 638 657 947 708; x_wconf 79' lang='lat' dir='ltr'><strong>testimoniis</strong></span> <span class='ocrx_word' id='word_1_48' title='bbox 973 656 1446 724; x_wconf 84' lang='lat' dir='ltr'><strong>philosophantium</strong></span> <span class='ocrx_word' id='word_1_49' title='bbox 1476 656 1743 709; x_wconf 79' lang='lat' dir='ltr'><strong>&#39;admittere</strong></span> <span class='ocrx_word' id='word_1_50' title='bbox 1762 657 1972 724; x_wconf 74' lang='lat' dir='ltr'><strong>poterit,</strong></span> <span class='ocrx_word' id='word_1_51' title='bbox 2006 665 2056 708; x_wconf 92' lang='lat' dir='ltr'><strong>et</strong></span> <span class='ocrx_word' id='word_1_52' title='bbox 2073 671 2266 708; x_wconf 89' lang='lat' dir='ltr'><strong>couse-</strong></span> 
     </span>
     <span class='ocr_line' id='line_1_7' title="bbox 392 732 2267 803; baseline 0 -19"><span class='ocrx_word' id='word_1_53' title='bbox 392 740 607 800; x_wconf 85' lang='lat' dir='ltr'><strong>quenter</strong></span> <span class='ocrx_word' id='word_1_54' title='bbox 622 748 914 800; x_wconf 81' lang='lat' dir='ltr'><strong>supponere</strong></span> <span class='ocrx_word' id='word_1_55' title='bbox 937 732 1161 796; x_wconf 83' lang='lat' dir='ltr'><strong>debebit,</strong></span> <span class='ocrx_word' id='word_1_56' title='bbox 1186 732 1523 801; x_wconf 85' lang='lat' dir='ltr'><strong>philosophos</strong></span> <span class='ocrx_word' id='word_1_57' title='bbox 1542 735 1676 785; x_wconf 86' lang='lat' dir='ltr'><strong>circa</strong></span> <span class='ocrx_word' id='word_1_58' title='bbox 1696 734 1990 803; x_wconf 74' lang='lat' dir='ltr'><strong>scripturae</strong></span> <span class='ocrx_word' id='word_1_59' title='bbox 2007 735 2267 799; x_wconf 83' lang='lat' dir='ltr'><strong>interpre-</strong></span> 
     </span>
     <span class='ocr_line' id='line_1_8' title="bbox 392 810 2267 884; baseline 0.001 -24"><span class='ocrx_word' id='word_1_60' title='bbox 392 810 633 861; x_wconf 72' lang='lat' dir='ltr'><strong>tationem</strong></span> <span class='ocrx_word' id='word_1_61' title='bbox 654 819 819 864; x_wconf 87' lang='lat' dir='ltr'><strong>errare</strong></span> <span class='ocrx_word' id='word_1_62' title='bbox 838 826 941 862; x_wconf 89' lang='lat' dir='ltr'><strong>non</strong></span> <span class='ocrx_word' id='word_1_63' title='bbox 961 821 1143 878; x_wconf 87' lang='lat' dir='ltr'><strong>posse,</strong></span> <span class='ocrx_word' id='word_1_64' title='bbox 1178 825 1309 875; x_wconf 89' lang='lat' dir='ltr'><strong>quae</strong></span> <span class='ocrx_word' id='word_1_65' title='bbox 1329 825 1452 862; x_wconf 86' lang='lat' dir='ltr'><strong>sane</strong></span> <span class='ocrx_word' id='word_1_66' title='bbox 1472 825 1600 863; x_wconf 88' lang='lat' dir='ltr'><strong>nova</strong></span> <span class='ocrx_word' id='word_1_67' title='bbox 1619 816 1760 862; x_wconf 87' lang='lat' dir='ltr'><strong>esset</strong></span> <span class='ocrx_word' id='word_1_68' title='bbox 1777 810 2026 884; x_wconf 76' lang='lat' dir='ltr'><strong>ecclesiae</strong></span> <span class='ocrx_word' id='word_1_69' title='bbox 2040 811 2267 862; x_wconf 88' lang='lat' dir='ltr'><strong>auctori-</strong></span> 
     </span>
     <span class='ocr_line' id='line_1_9' title="bbox 393 887 2271 960; baseline 0.001 -23"><span class='ocrx_word' id='word_1_70' title='bbox 393 894 469 938; x_wconf 82' lang='lat' dir='ltr'><strong>tas</strong></span> <span class='ocrx_word' id='word_1_71' title='bbox 490 901 783 956; x_wconf 80' lang='lat' dir='ltr'><strong>novumque</strong></span> <span class='ocrx_word' id='word_1_72' title='bbox 802 889 1125 946; x_wconf 87' lang='lat' dir='ltr'><strong>sacerdotum</strong></span> <span class='ocrx_word' id='word_1_73' title='bbox 1148 888 1223 940; x_wconf 85' lang='lat' dir='ltr'><strong>vel</strong></span> <span class='ocrx_word' id='word_1_74' title='bbox 1244 887 1543 954; x_wconf 90' lang='lat' dir='ltr'><strong>pontificum</strong></span> <span class='ocrx_word' id='word_1_75' title='bbox 1565 900 1757 960; x_wconf 79' lang='lat' dir='ltr'><strong>genus,</strong></span> <span class='ocrx_word' id='word_1_76' title='bbox 1792 887 1934 955; x_wconf 84' lang='lat' dir='ltr'><strong>quod</strong></span> <span class='ocrx_word' id='word_1_77' title='bbox 1952 887 2136 954; x_wconf 79' lang='lat' dir='ltr'><strong>vulgus</strong></span> <span class='ocrx_word' id='word_1_78' title='bbox 2156 903 2271 940; x_wconf 83' lang='lat' dir='ltr'><strong>ma—</strong></span> 
     </span>
     <span class='ocr_line' id='line_1_10' title="bbox 390 963 2266 1033; baseline 0.001 -19"><span class='ocrx_word' id='word_1_79' title='bbox 390 965 468 1029; x_wconf 81' lang='lat' dir='ltr'><strong>gis</strong></span> <span class='ocrx_word' id='word_1_80' title='bbox 488 964 737 1028; x_wconf 80' lang='lat' dir='ltr'><strong>irrideret,</strong></span> <span class='ocrx_word' id='word_1_81' title='bbox 760 979 915 1033; x_wconf 86' lang='lat' dir='ltr'><strong>quam</strong></span> <span class='ocrx_word' id='word_1_82' title='bbox 934 970 1278 1018; x_wconf 79' lang='lat' dir='ltr'><strong>veneraretur.</strong></span> <span class='ocrx_word' id='word_1_83' title='bbox 1349 965 1436 1016; x_wconf 86' lang='lat'><strong>80.</strong></span> <span class='ocrx_word' id='word_1_84' title='bbox 1457 963 1523 1016; x_wconf 90' lang='lat' dir='ltr'><strong>Et</strong></span> <span class='ocrx_word' id='word_1_85' title='bbox 1542 967 1775 1030; x_wconf 81' lang='lat' dir='ltr'><strong>quamvis</strong></span> <span class='ocrx_word' id='word_1_86' title='bbox 1794 973 1969 1018; x_wconf 87' lang='lat' dir='ltr'><strong>nostra</strong></span> <span class='ocrx_word' id='word_1_87' title='bbox 1989 965 2266 1016; x_wconf 87' lang='lat' dir='ltr'><strong>methodus</strong></span> 
     </span>
     <span class='ocr_line' id='line_1_11' title="bbox 391 1039 2268 1108; baseline 0.001 -18"><span class='ocrx_word' id='word_1_88' title='bbox 391 1040 592 1106; x_wconf 83' lang='lat' dir='ltr'><strong>linguae</strong></span> <span class='ocrx_word' id='word_1_89' title='bbox 617 1039 883 1095; x_wconf 84' lang='lat' dir='ltr'><strong>Hebraeae</strong></span> <span class='ocrx_word' id='word_1_90' title='bbox 912 1041 1263 1108; x_wconf 32' lang='lat' dir='ltr'><strong>cognitionem,</strong></span> <span class='ocrx_word' id='word_1_91' title='bbox 1290 1042 1477 1107; x_wconf 78' lang='lat' dir='ltr'><strong>exigat,</strong></span> <span class='ocrx_word' id='word_1_92' title='bbox 1517 1045 1668 1094; x_wconf 89' lang='lat' dir='ltr'><strong>culus</strong></span> <span class='ocrx_word' id='word_1_93' title='bbox 1698 1043 1852 1094; x_wconf 83' lang='lat' dir='ltr'><strong>etiam</strong></span> <span class='ocrx_word' id='word_1_94' title='bbox 1879 1043 2055 1094; x_wconf 88' lang='lat' dir='ltr'><strong>studio</strong></span> <span class='ocrx_word' id='word_1_95' title='bbox 2083 1042 2268 1108; x_wconf 73' lang='lat' dir='ltr'><strong>&#39;vulgus</strong></span> 
     </span>
     <span class='ocr_line' id='line_1_12' title="bbox 390 1115 2268 1187; baseline 0 -19"><span class='ocrx_word' id='word_1_96' title='bbox 390 1129 563 1168; x_wconf 86' lang='lat' dir='ltr'><strong>vacare</strong></span> <span class='ocrx_word' id='word_1_97' title='bbox 600 1128 704 1169; x_wconf 89' lang='lat' dir='ltr'><strong>non</strong></span> <span class='ocrx_word' id='word_1_98' title='bbox 741 1115 937 1184; x_wconf 83' lang='lat' dir='ltr'><strong>potest,</strong></span> <span class='ocrx_word' id='word_1_99' title='bbox 957 1118 1101 1175; x_wconf 83' lang='lat' dir='ltr'><strong>&#39;nihil</strong></span> <span class='ocrx_word' id='word_1_100' title='bbox 1140 1125 1309 1170; x_wconf 88' lang='lat' dir='ltr'><strong>tamen</strong></span> <span class='ocrx_word' id='word_1_101' title='bbox 1338 1117 1506 1169; x_wconf 89' lang='lat' dir='ltr'><strong>simile</strong></span> <span class='ocrx_word' id='word_1_102' title='bbox 1535 1119 1686 1171; x_wconf 85' lang='lat' dir='ltr'><strong>n&#39;obis</strong></span> <span class='ocrx_word' id='word_1_103' title='bbox 1723 1117 1877 1177; x_wconf 81' lang='lat' dir='ltr'><strong>obiici</strong></span> <span class='ocrx_word' id='word_1_104' title='bbox 1913 1127 2110 1187; x_wconf 75' lang='lat' dir='ltr'><strong>potest3</strong></span> <span class='ocrx_word' id='word_1_105' title='bbox 2150 1133 2268 1171; x_wconf 88' lang='lat' dir='ltr'><strong>nam</strong></span> 
     </span>
     <span class='ocr_line' id='line_1_13' title="bbox 391 1193 2268 1264; baseline -0.001 -18"><span class='ocrx_word' id='word_1_106' title='bbox 391 1193 573 1259; x_wconf 77' lang='lat' dir='ltr'><strong>vulgus</strong></span> <span class='ocrx_word' id='word_1_107' title='bbox 592 1194 900 1248; x_wconf 81' lang='lat' dir='ltr'><strong>Iudaeorum</strong></span> <span class='ocrx_word' id='word_1_108' title='bbox 920 1201 969 1247; x_wconf 88' lang='lat' dir='ltr'><strong>et</strong></span> <span class='ocrx_word' id='word_1_109' title='bbox 989 1195 1255 1260; x_wconf 79' lang='lat' dir='ltr'><strong>gentilium</strong></span> <span class='ocrx_word' id='word_1_110' title='bbox 1271 1235 1286 1258; x_wconf 92' lang='lat'><strong><em>‚</em></strong></span> <span class='ocrx_word' id='word_1_111' title='bbox 1328 1193 1520 1260; x_wconf 88' lang='lat' dir='ltr'><strong>quibus</strong></span> <span class='ocrx_word' id='word_1_112' title='bbox 1542 1195 1667 1248; x_wconf 88' lang='lat' dir='ltr'><strong>olim</strong></span> <span class='ocrx_word' id='word_1_113' title='bbox 1684 1196 1962 1264; x_wconf 86' lang='lat' dir='ltr'><strong>prophetae</strong></span> <span class='ocrx_word' id='word_1_114' title='bbox 1983 1203 2034 1248; x_wconf 88' lang='lat' dir='ltr'><strong>et</strong></span> <span class='ocrx_word' id='word_1_115' title='bbox 2052 1195 2268 1264; x_wconf 88' lang='lat' dir='ltr'><strong>apostoli</strong></span> 
     </span>
     <span class='ocr_line' id='line_1_14' title="bbox 389 1267 2268 1344; baseline 0.002 -23"><span class='ocrx_word' id='word_1_116' title='bbox 389 1270 808 1336; x_wconf 76' lang='lat' dir='ltr'><strong>praedicaverunt</strong></span> <span class='ocrx_word' id='word_1_117' title='bbox 826 1279 877 1324; x_wconf 92' lang='lat' dir='ltr'><strong>et</strong></span> <span class='ocrx_word' id='word_1_118' title='bbox 894 1273 1237 1338; x_wconf 87' lang='lat' dir='ltr'><strong>scripserunt,</strong></span> <span class='ocrx_word' id='word_1_119' title='bbox 1277 1271 1507 1338; x_wconf 77' lang='lat' dir='ltr'><strong>linguam</strong></span> <span class='ocrx_word' id='word_1_120' title='bbox 1533 1267 1900 1344; x_wconf 68' lang='lat' dir='ltr'><strong>prophetarum</strong></span> <span class='ocrx_word' id='word_1_121' title='bbox 1927 1281 1979 1325; x_wconf 88' lang='lat' dir='ltr'><strong>et</strong></span> <span class='ocrx_word' id='word_1_122' title='bbox 2006 1269 2268 1340; x_wconf 89' lang='lat' dir='ltr'><strong>apostolo-</strong></span> 
     </span>
     <span class='ocr_line' id='line_1_15' title="bbox 391 1347 2269 1418; baseline 0.001 -20"><span class='ocrx_word' id='word_1_123' title='bbox 391 1361 505 1398; x_wconf 89' lang='lat' dir='ltr'><strong>rum</strong></span> <span class='ocrx_word' id='word_1_124' title='bbox 535 1347 912 1414; x_wconf 78' lang='lat' dir='ltr'><strong>intelligebant,</strong></span> <span class='ocrx_word' id='word_1_125' title='bbox 952 1363 1008 1400; x_wconf 85' lang='lat' dir='ltr'><strong>ex</strong></span> <span class='ocrx_word' id='word_1_126' title='bbox 1036 1363 1137 1415; x_wconf 90' lang='lat' dir='ltr'><strong>qua</strong></span> <span class='ocrx_word' id='word_1_127' title='bbox 1167 1350 1321 1400; x_wconf 85' lang='lat' dir='ltr'><strong>etiam</strong></span> <span class='ocrx_word' id='word_1_128' title='bbox 1351 1357 1577 1401; x_wconf 90' lang='lat' dir='ltr'><strong>mentem</strong></span> <span class='ocrx_word' id='word_1_129' title='bbox 1613 1347 1978 1418; x_wconf 87' lang='lat' dir='ltr'><strong>prophetarum</strong></span> <span class='ocrx_word' id='word_1_130' title='bbox 2014 1351 2269 1416; x_wconf 90' lang='lat' dir='ltr'><strong>percipie-</strong></span> 
     </span>
     <span class='ocr_line' id='line_1_16' title="bbox 392 1422 2269 1494; baseline 0.001 -20"><span class='ocrx_word' id='word_1_131' title='bbox 392 1422 539 1485; x_wconf 83' lang='lat' dir='ltr'><strong>bant,</strong></span> <span class='ocrx_word' id='word_1_132' title='bbox 564 1427 615 1475; x_wconf 80' lang='lat' dir='ltr'><strong>at</strong></span> <span class='ocrx_word' id='word_1_133' title='bbox 632 1429 734 1476; x_wconf 85' lang='lat' dir='ltr'><strong>no‘n</strong></span> <span class='ocrx_word' id='word_1_134' title='bbox 755 1427 976 1478; x_wconf 88' lang='lat' dir='ltr'><strong>rationes</strong></span> <span class='ocrx_word' id='word_1_135' title='bbox 994 1441 1167 1478; x_wconf 91' lang='lat' dir='ltr'><strong>rerum</strong></span> <span class='ocrx_word' id='word_1_136' title='bbox 1180 1464 1197 1490; x_wconf 92' lang='lat'><strong>,</strong></span> <span class='ocrx_word' id='word_1_137' title='bbox 1221 1440 1350 1492; x_wconf 89' lang='lat' dir='ltr'><strong>quas</strong></span> <span class='ocrx_word' id='word_1_138' title='bbox 1371 1425 1755 1492; x_wconf 85' lang='lat' dir='ltr'><strong>praedicabant,</strong></span> <span class='ocrx_word' id='word_1_139' title='bbox 1789 1441 1920 1494; x_wconf 86' lang='lat' dir='ltr'><strong>quas</strong></span> <span class='ocrx_word' id='word_1_140' title='bbox 1939 1441 1998 1479; x_wconf 83' lang='lat' dir='ltr'><strong>ex</strong></span> <span class='ocrx_word' id='word_1_141' title='bbox 2017 1427 2269 1478; x_wconf 89' lang='lat' dir='ltr'><strong>sententia</strong></span> 
     </span>
     <span class='ocr_line' id='line_1_17' title="bbox 348 1495 2268 1571; baseline 0 -17"><span class='ocrx_word' id='word_1_142' title='bbox 348 1495 355 1502; x_wconf 84' lang='lat'>&#39;</span> <span class='ocrx_word' id='word_1_143' title='bbox 391 1501 736 1554; x_wconf 69' lang='lat' dir='ltr'><strong>Haimouidae</strong></span> <span class='ocrx_word' id='word_1_144' title='bbox 756 1504 908 1554; x_wconf 91' lang='lat' dir='ltr'><strong>etiam</strong></span> <span class='ocrx_word' id='word_1_145' title='bbox 926 1503 1059 1554; x_wconf 85' lang='lat' dir='ltr'><strong>scire</strong></span> <span class='ocrx_word' id='word_1_146' title='bbox 1078 1501 1350 1564; x_wconf 87' lang='lat' dir='ltr'><strong>deberent,</strong></span> <span class='ocrx_word' id='word_1_147' title='bbox 1383 1511 1441 1554; x_wconf 87' lang='lat' dir='ltr'><strong>ut</strong></span> <span class='ocrx_word' id='word_1_148' title='bbox 1459 1510 1681 1557; x_wconf 83' lang='lat' dir='ltr'><strong>mentem</strong></span> <span class='ocrx_word' id='word_1_149' title='bbox 1701 1503 2068 1571; x_wconf 85' lang='lat' dir='ltr'><strong>prophetarum</strong></span> <span class='ocrx_word' id='word_1_150' title='bbox 2088 1517 2268 1569; x_wconf 82' lang='lat' dir='ltr'><strong>capere</strong></span> 
     </span>
     <span class='ocr_line' id='line_1_18' title="bbox 390 1579 2266 1646; baseline 0.002 -18"><span class='ocrx_word' id='word_1_151' title='bbox 390 1585 621 1642; x_wconf 82' lang='lat' dir='ltr'><strong>possent.</strong></span> <span class='ocrx_word' id='word_1_152' title='bbox 694 1579 783 1630; x_wconf 87' lang='lat'><strong>81.</strong></span> <span class='ocrx_word' id='word_1_153' title='bbox 819 1579 892 1629; x_wconf 79' lang='lat' dir='ltr'><strong>Ex</strong></span> <span class='ocrx_word' id='word_1_154' title='bbox 910 1580 1106 1631; x_wconf 85' lang='lat' dir='ltr'><strong>ratione</strong></span> <span class='ocrx_word' id='word_1_155' title='bbox 1125 1580 1280 1644; x_wconf 80' lang='lat' dir='ltr'><strong>igitur</strong></span> <span class='ocrx_word' id='word_1_156' title='bbox 1298 1589 1502 1634; x_wconf 85' lang='lat' dir='ltr'><strong>nostrae</strong></span> <span class='ocrx_word' id='word_1_157' title='bbox 1521 1580 1745 1632; x_wconf 85' lang='lat' dir='ltr'><strong>methodi</strong></span> <span class='ocrx_word' id='word_1_158' title='bbox 1766 1592 1870 1633; x_wconf 87' lang='lat' dir='ltr'><strong>non</strong></span> <span class='ocrx_word' id='word_1_159' title='bbox 1889 1582 2144 1646; x_wconf 84' lang='lat' dir='ltr'><strong>sequitur,</strong></span> <span class='ocrx_word' id='word_1_160' title='bbox 2167 1595 2266 1632; x_wconf 89' lang='lat' dir='ltr'><strong>ne-</strong></span> 
     </span>
     <span class='ocr_line' id='line_1_19' title="bbox 394 1655 2269 1723; baseline 0.002 -19"><span class='ocrx_word' id='word_1_161' title='bbox 394 1655 617 1707; x_wconf 86' lang='lat' dir='ltr'><strong>cessario</strong></span> <span class='ocrx_word' id='word_1_162' title='bbox 636 1655 821 1720; x_wconf 78' lang='lat' dir='ltr'><strong>vulgus</strong></span> <span class='ocrx_word' id='word_1_163' title='bbox 842 1656 1138 1707; x_wconf 88' lang='lat' dir='ltr'><strong>testimonio</strong></span> <span class='ocrx_word' id='word_1_164' title='bbox 1158 1658 1494 1722; x_wconf 84' lang='lat' dir='ltr'><strong>interpretum</strong></span> <span class='ocrx_word' id='word_1_165' title='bbox 1514 1659 1869 1723; x_wconf 87' lang='lat' dir='ltr'><strong>acquiescere;</strong></span> <span class='ocrx_word' id='word_1_166' title='bbox 1893 1659 2110 1709; x_wconf 88' lang='lat' dir='ltr'><strong>ostendo</strong></span> <span class='ocrx_word' id='word_1_167' title='bbox 2131 1658 2269 1709; x_wconf 90' lang='lat' dir='ltr'><strong>enim</strong></span> 
     </span>
     <span class='ocr_line' id='line_1_20' title="bbox 390 1729 2278 1803; baseline 0.001 -21"><span class='ocrx_word' id='word_1_168' title='bbox 390 1730 601 1797; x_wconf 82' lang='lat' dir='ltr'><strong>vulgus,</strong></span> <span class='ocrx_word' id='word_1_169' title='bbox 643 1731 783 1797; x_wconf 87' lang='lat' dir='ltr'><strong>quod</strong></span> <span class='ocrx_word' id='word_1_170' title='bbox 814 1729 1042 1799; x_wconf 79' lang='lat' dir='ltr'><strong>linguam</strong></span> <span class='ocrx_word' id='word_1_171' title='bbox 1070 1731 1436 1800; x_wconf 78' lang='lat' dir='ltr'><strong>prophetarum</strong></span> <span class='ocrx_word' id='word_1_172' title='bbox 1458 1741 1507 1787; x_wconf 93' lang='lat' dir='ltr'><strong>et</strong></span> <span class='ocrx_word' id='word_1_173' title='bbox 1525 1733 1875 1803; x_wconf 86' lang='lat' dir='ltr'><strong>apostolorum</strong></span> <span class='ocrx_word' id='word_1_174' title='bbox 1895 1733 2128 1787; x_wconf 81' lang='lat' dir='ltr'><strong>callebat.</strong></span> <span class='ocrx_word' id='word_1_175' title='bbox 2200 1735 2278 1803; x_wconf 32' lang='lat' dir='ltr'><strong>At,</strong></span> 
     </span>
     <span class='ocr_line' id='line_1_21' title="bbox 392 1807 2264 1877; baseline -0.001 -16"><span class='ocrx_word' id='word_1_176' title='bbox 392 1808 733 1861; x_wconf 81' lang='lat' dir='ltr'><strong>Maimonides</strong></span> <span class='ocrx_word' id='word_1_177' title='bbox 752 1808 953 1861; x_wconf 79' lang='lat' dir='ltr'><strong>nuilum</strong></span> <span class='ocrx_word' id='word_1_178' title='bbox 974 1809 1210 1862; x_wconf 84' lang='lat' dir='ltr'><strong>ostendet</strong></span> <span class='ocrx_word' id='word_1_179' title='bbox 1228 1807 1431 1876; x_wconf 69' lang='lat' dir='ltr'><strong>vulgus»,</strong></span> <span class='ocrx_word' id='word_1_180' title='bbox 1446 1810 1582 1877; x_wconf 87' lang='lat' dir='ltr'><strong>quod</strong></span> <span class='ocrx_word' id='word_1_181' title='bbox 1603 1814 1777 1863; x_wconf 86' lang='lat' dir='ltr'><strong>rerum</strong></span> <span class='ocrx_word' id='word_1_182' title='bbox 1795 1826 1981 1864; x_wconf 86' lang='lat' dir='ltr'><strong>causas</strong></span> <span class='ocrx_word' id='word_1_183' title='bbox 1999 1811 2264 1876; x_wconf 83' lang='lat' dir='ltr'><strong>intelligat,</strong></span> 
     </span>
     <span class='ocr_line' id='line_1_22' title="bbox 391 1883 2269 1956; baseline 0.002 -21"><span class='ocrx_word' id='word_1_184' title='bbox 391 1898 449 1935; x_wconf 79' lang='lat' dir='ltr'><strong>ex</strong></span> <span class='ocrx_word' id='word_1_185' title='bbox 477 1883 669 1951; x_wconf 86' lang='lat' dir='ltr'><strong>quibus</strong></span> <span class='ocrx_word' id='word_1_186' title='bbox 697 1898 877 1937; x_wconf 88' lang='lat' dir='ltr'><strong>eorum</strong></span> <span class='ocrx_word' id='word_1_187' title='bbox 906 1893 1131 1938; x_wconf 88' lang='lat' dir='ltr'><strong>mentem</strong></span> <span class='ocrx_word' id='word_1_188' title='bbox 1153 1884 1425 1956; x_wconf 71' lang='lat' dir='ltr'><strong>percipiat.</strong></span> <span class='ocrx_word' id='word_1_189' title='bbox 1497 1889 1584 1945; x_wconf 80' lang='lat'><strong>82.</strong></span> <span class='ocrx_word' id='word_1_190' title='bbox 1621 1889 1688 1939; x_wconf 87' lang='lat' dir='ltr'><strong>Et</strong></span> <span class='ocrx_word' id='word_1_191' title='bbox 1715 1890 1853 1955; x_wconf 88' lang='lat' dir='ltr'><strong>quod</strong></span> <span class='ocrx_word' id='word_1_192' title='bbox 1881 1887 1944 1939; x_wconf 89' lang='lat' dir='ltr'><strong>ad</strong></span> <span class='ocrx_word' id='word_1_193' title='bbox 1963 1888 2269 1940; x_wconf 86' lang='lat' dir='ltr'><strong>hodiernum</strong></span> 
     </span>
     <span class='ocr_line' id='line_1_23' title="bbox 390 1962 2265 2032; baseline 0.001 -19"><span class='ocrx_word' id='word_1_194' title='bbox 390 1962 573 2028; x_wconf 79' lang='lat' dir='ltr'><strong>vulgus</strong></span> <span class='ocrx_word' id='word_1_195' title='bbox 602 1962 809 2025; x_wconf 85' lang='lat' dir='ltr'><strong>attinet,</strong></span> <span class='ocrx_word' id='word_1_196' title='bbox 848 1963 950 2013; x_wconf 90' lang='lat' dir='ltr'><strong>iam</strong></span> <span class='ocrx_word' id='word_1_197' title='bbox 978 1963 1398 2032; x_wconf 78' lang='lat' dir='ltr'><strong>ostendimus*),</strong></span> <span class='ocrx_word' id='word_1_198' title='bbox 1437 1966 1612 2016; x_wconf 83' lang='lat' dir='ltr'><strong>omnia</strong></span> <span class='ocrx_word' id='word_1_199' title='bbox 1631 1964 1697 2017; x_wconf 89' lang='lat' dir='ltr'><strong>ad</strong></span> <span class='ocrx_word' id='word_1_200' title='bbox 1719 1966 1938 2017; x_wconf 88' lang='lat' dir='ltr'><strong>salutem</strong></span> <span class='ocrx_word' id='word_1_201' title='bbox 1959 1966 2265 2026; x_wconf 88' lang='lat' dir='ltr'><strong>necessaria,</strong></span> 
     </span>
    </p>

    <p class='ocr_par' dir='ltr' id='par_1_3' title="bbox 391 2032 2270 2261">
     <span class='ocr_line' id='line_1_24' title="bbox 392 2032 2266 2107; baseline 0.001 -18"><span class='ocrx_word' id='word_1_202' title='bbox 392 2039 626 2107; x_wconf 85' lang='lat' dir='ltr'><strong>quamvis</strong></span> <span class='ocrx_word' id='word_1_203' title='bbox 646 2054 822 2091; x_wconf 89' lang='lat' dir='ltr'><strong>eorum</strong></span> <span class='ocrx_word' id='word_1_204' title='bbox 842 2040 1067 2092; x_wconf 86' lang='lat' dir='ltr'><strong>rationes</strong></span> <span class='ocrx_word' id='word_1_205' title='bbox 1085 2042 1410 2107; x_wconf 78' lang='lat' dir='ltr'><strong>ignorentur,</strong></span> <span class='ocrx_word' id='word_1_206' title='bbox 1449 2042 1598 2093; x_wconf 79' lang='lat' dir='ltr'><strong>facile</strong></span> <span class='ocrx_word' id='word_1_207' title='bbox 1625 2050 1795 2093; x_wconf 84' lang='lat' dir='ltr'><strong>tamen</strong></span> <span class='ocrx_word' id='word_1_208' title='bbox 1821 2032 1875 2092; x_wconf 89' lang='lat' dir='ltr'><strong>in</strong></span> <span class='ocrx_word' id='word_1_209' title='bbox 1896 2042 2072 2107; x_wconf 86' lang='lat' dir='ltr'><strong>quavis</strong></span> <span class='ocrx_word' id='word_1_210' title='bbox 2089 2040 2266 2105; x_wconf 81' lang='lat' dir='ltr'><strong>lingua</strong></span> 
     </span>
     <span class='ocr_line' id='line_1_25' title="bbox 393 2117 2270 2205; baseline -0.001 -38"><span class='ocrx_word' id='word_1_211' title='bbox 393 2130 545 2205; x_wconf 81' lang='lat' dir='ltr'><strong>posse</strong></span> <span class='ocrx_word' id='word_1_212' title='bbox 564 2117 783 2183; x_wconf 85' lang='lat' dir='ltr'><strong>percipi,</strong></span> <span class='ocrx_word' id='word_1_213' title='bbox 822 2124 1089 2186; x_wconf 87' lang='lat' dir='ltr'><strong>propterea</strong></span> <span class='ocrx_word' id='word_1_214' title='bbox 1109 2118 1247 2183; x_wconf 88' lang='lat' dir='ltr'><strong>quod</strong></span> <span class='ocrx_word' id='word_1_215' title='bbox 1266 2118 1394 2171; x_wconf 84' lang='lat' dir='ltr'><strong>adeo</strong></span> <span class='ocrx_word' id='word_1_216' title='bbox 1415 2120 1706 2170; x_wconf 88' lang='lat' dir='ltr'><strong>communia</strong></span> <span class='ocrx_word' id='word_1_217' title='bbox 1735 2125 1786 2169; x_wconf 91' lang='lat' dir='ltr'><strong>et</strong></span> <span class='ocrx_word' id='word_1_218' title='bbox 1810 2119 2000 2170; x_wconf 83' lang='lat' dir='ltr'><strong>usitata</strong></span> <span class='ocrx_word' id='word_1_219' title='bbox 2027 2123 2178 2178; x_wconf 90' lang='lat' dir='ltr'><strong>sunt,</strong></span> <span class='ocrx_word' id='word_1_220' title='bbox 2219 2124 2270 2167; x_wconf 92' lang='lat' dir='ltr'><strong>et</strong></span> 
     </span>
     <span class='ocr_line' id='line_1_26' title="bbox 391 2191 2269 2261; baseline 0 -17"><span class='ocrx_word' id='word_1_221' title='bbox 391 2194 442 2245; x_wconf 89' lang='lat' dir='ltr'><strong>in</strong></span> <span class='ocrx_word' id='word_1_222' title='bbox 463 2191 556 2245; x_wconf 86' lang='lat' dir='ltr'><strong>hac</strong></span> <span class='ocrx_word' id='word_1_223' title='bbox 574 2195 927 2261; x_wconf 86' lang='lat' dir='ltr'><strong>perceptione,</strong></span> <span class='ocrx_word' id='word_1_224' title='bbox 952 2209 1057 2245; x_wconf 88' lang='lat' dir='ltr'><strong>nou</strong></span> <span class='ocrx_word' id='word_1_225' title='bbox 1078 2195 1324 2260; x_wconf 87' lang='lat' dir='ltr'><strong>quidem</strong></span> <span class='ocrx_word' id='word_1_226' title='bbox 1311 2210 1364 2246; x_wconf 87' lang='lat' dir='ltr'><strong>m</strong></span> <span class='ocrx_word' id='word_1_227' title='bbox 1384 2196 1677 2247; x_wconf 86' lang='lat' dir='ltr'><strong>testimonio</strong></span> <span class='ocrx_word' id='word_1_228' title='bbox 1696 2196 2060 2261; x_wconf 87' lang='lat' dir='ltr'><strong>interpretum,</strong></span> <span class='ocrx_word' id='word_1_229' title='bbox 2082 2194 2269 2259; x_wconf 79' lang='lat' dir='ltr'><strong>vulgus</strong></span> 
     </span>
    </p>
   </div>
   <div class='ocr_carea' id='block_1_3' title="bbox 310 2268 2268 2338">
    <p class='ocr_par' dir='ltr' id='par_1_4' title="bbox 310 2268 2268 2338">
     <span class='ocr_line' id='line_1_27' title="bbox 310 2268 2268 2338; baseline -0.001 -16"><span class='ocrx_word' id='word_1_230' title='bbox 310 2296 315 2301; x_wconf 94' lang='lat'><strong>·</strong></span> <span class='ocrx_word' id='word_1_231' title='bbox 390 2270 692 2335; x_wconf 78' lang='lat' dir='ltr'><strong>acquiescit3</strong></span> <span class='ocrx_word' id='word_1_232' title='bbox 734 2277 785 2322; x_wconf 89' lang='lat' dir='ltr'><strong>et</strong></span> <span class='ocrx_word' id='word_1_233' title='bbox 812 2272 953 2338; x_wconf 88' lang='lat' dir='ltr'><strong>quod</strong></span> <span class='ocrx_word' id='word_1_234' title='bbox 982 2272 1046 2323; x_wconf 91' lang='lat' dir='ltr'><strong>ad</strong></span> <span class='ocrx_word' id='word_1_235' title='bbox 1074 2270 1269 2338; x_wconf 84' lang='lat' dir='ltr'><strong>reliqua</strong></span> <span class='ocrx_word' id='word_1_236' title='bbox 1297 2273 1498 2336; x_wconf 88' lang='lat' dir='ltr'><strong>attinet,</strong></span> <span class='ocrx_word' id='word_1_237' title='bbox 1541 2268 1755 2325; x_wconf 87' lang='lat' dir='ltr'><strong>eandem</strong></span> <span class='ocrx_word' id='word_1_238' title='bbox 1782 2274 1834 2322; x_wconf 90' lang='lat' dir='ltr'><strong>in</strong></span> <span class='ocrx_word' id='word_1_239' title='bbox 1864 2268 1944 2322; x_wconf 85' lang='lat' dir='ltr'><strong>his</strong></span> <span class='ocrx_word' id='word_1_240' title='bbox 1965 2284 2083 2322; x_wconf 92' lang='lat' dir='ltr'><strong>cum</strong></span> <span class='ocrx_word' id='word_1_241' title='bbox 2104 2269 2268 2322; x_wconf 85' lang='lat' dir='ltr'><strong>doctis</strong></span> 
     </span>
    </p>
   </div>
   <div class='ocr_carea' id='block_1_4' title="bbox 389 2344 2272 3027">
    <p class='ocr_par' dir='ltr' id='par_1_5' title="bbox 389 2344 2272 3027">
     <span class='ocr_line' id='line_1_28' title="bbox 390 2344 2272 2417; baseline 0.001 -19"><span class='ocrx_word' id='word_1_242' title='bbox 390 2349 622 2417; x_wconf 82' lang='lat' dir='ltr'><strong>sequitur</strong></span> <span class='ocrx_word' id='word_1_243' title='bbox 651 2347 932 2400; x_wconf 80' lang='lat' dir='ltr'><strong>fortunam.</strong></span> <span class='ocrx_word' id='word_1_244' title='bbox 1004 2348 1091 2399; x_wconf 85' lang='grc'><strong>83.</strong></span> <span class='ocrx_word' id='word_1_245' title='bbox 1130 2348 1235 2401; x_wconf 88' lang='lat' dir='ltr'><strong>Sed</strong></span> <span class='ocrx_word' id='word_1_246' title='bbox 1263 2344 1327 2400; x_wconf 88' lang='lat' dir='ltr'><strong>ad</strong></span> <span class='ocrx_word' id='word_1_247' title='bbox 1347 2349 1694 2403; x_wconf 83' lang='lat' dir='ltr'><strong>Maimonidae</strong></span> <span class='ocrx_word' id='word_1_248' title='bbox 1723 2350 2028 2400; x_wconf 87' lang='lat' dir='ltr'><strong>sententiam</strong></span> <span class='ocrx_word' id='word_1_249' title='bbox 2047 2355 2272 2399; x_wconf 82' lang='lat' dir='ltr'><strong>reverta-</strong></span> 
     </span>
     <span class='ocr_line' id='line_1_29' title="bbox 393 2425 2272 2497; baseline 0.001 -23"><span class='ocrx_word' id='word_1_250' title='bbox 393 2436 529 2486; x_wconf 85' lang='lat' dir='ltr'><strong>mur,</strong></span> <span class='ocrx_word' id='word_1_251' title='bbox 551 2431 701 2491; x_wconf 82' lang='lat' dir='ltr'><strong>atque</strong></span> <span class='ocrx_word' id='word_1_252' title='bbox 720 2425 888 2492; x_wconf 84' lang='lat' dir='ltr'><strong>ipsam</strong></span> <span class='ocrx_word' id='word_1_253' title='bbox 908 2426 1195 2477; x_wconf 88' lang='lat' dir='ltr'><strong>accuratius</strong></span> <span class='ocrx_word' id='word_1_254' title='bbox 1216 2427 1583 2497; x_wconf 85' lang='lat' dir='ltr'><strong>examinemus.</strong></span> <span class='ocrx_word' id='word_1_255' title='bbox 1657 2426 1834 2478; x_wconf 89' lang='lat' dir='ltr'><strong>Primo</strong></span> <span class='ocrx_word' id='word_1_256' title='bbox 1854 2427 2121 2493; x_wconf 89' lang='lat' dir='ltr'><strong>supponit,</strong></span> <span class='ocrx_word' id='word_1_257' title='bbox 2144 2438 2272 2491; x_wconf 91' lang='lat' dir='ltr'><strong>pro-</strong></span> 
     </span>
     <span class='ocr_line' id='line_1_30' title="bbox 392 2500 2271 2569; baseline 0.001 -19"><span class='ocrx_word' id='word_1_258' title='bbox 392 2500 571 2565; x_wconf 82' lang='lat' dir='ltr'><strong>phetas</strong></span> <span class='ocrx_word' id='word_1_259' title='bbox 599 2501 651 2552; x_wconf 90' lang='lat' dir='ltr'><strong>in</strong></span> <span class='ocrx_word' id='word_1_260' title='bbox 680 2500 925 2554; x_wconf 89' lang='lat' dir='ltr'><strong>omnibus</strong></span> <span class='ocrx_word' id='word_1_261' title='bbox 952 2504 1085 2554; x_wconf 91' lang='lat' dir='ltr'><strong>inter</strong></span> <span class='ocrx_word' id='word_1_262' title='bbox 1113 2516 1171 2555; x_wconf 88' lang='lat' dir='ltr'><strong>se</strong></span> <span class='ocrx_word' id='word_1_263' title='bbox 1190 2504 1519 2565; x_wconf 84' lang='lat' dir='ltr'><strong>convenisse,</strong></span> <span class='ocrx_word' id='word_1_264' title='bbox 1558 2514 1898 2569; x_wconf 86' lang='lat' dir='ltr'><strong>summosque</strong></span> <span class='ocrx_word' id='word_1_265' title='bbox 1917 2502 2082 2554; x_wconf 83' lang='lat' dir='ltr'><strong>fuisse</strong></span> <span class='ocrx_word' id='word_1_266' title='bbox 2102 2502 2271 2569; x_wconf 86' lang='lat' dir='ltr'><strong>philo-</strong></span> 
     </span>
     <span class='ocr_line' id='line_1_31' title="bbox 393 2574 2269 2645; baseline 0.001 -18"><span class='ocrx_word' id='word_1_267' title='bbox 393 2574 587 2643; x_wconf 84' lang='lat' dir='ltr'><strong>sophos</strong></span> <span class='ocrx_word' id='word_1_268' title='bbox 622 2585 675 2629; x_wconf 88' lang='lat' dir='ltr'><strong>et</strong></span> <span class='ocrx_word' id='word_1_269' title='bbox 708 2578 999 2645; x_wconf 80' lang='lat' dir='ltr'><strong>theologos;</strong></span> <span class='ocrx_word' id='word_1_270' title='bbox 1039 2594 1097 2633; x_wconf 84' lang='lat' dir='ltr'><strong>ex</strong></span> <span class='ocrx_word' id='word_1_271' title='bbox 1132 2581 1206 2632; x_wconf 90' lang='lat' dir='ltr'><strong>rei</strong></span> <span class='ocrx_word' id='word_1_272' title='bbox 1240 2580 1381 2632; x_wconf 86' lang='lat' dir='ltr'><strong>enim</strong></span> <span class='ocrx_word' id='word_1_273' title='bbox 1417 2581 1624 2631; x_wconf 78' lang='lat' dir='ltr'><strong>veritate</strong></span> <span class='ocrx_word' id='word_1_274' title='bbox 1660 2593 1748 2631; x_wconf 89' lang='lat' dir='ltr'><strong>eos</strong></span> <span class='ocrx_word' id='word_1_275' title='bbox 1784 2578 2106 2631; x_wconf 72' lang='lat' dir='ltr'><strong>conclusisse</strong></span> <span class='ocrx_word' id='word_1_276' title='bbox 2141 2578 2269 2630; x_wconf 85' lang='lat' dir='ltr'><strong>vult.</strong></span> 
     </span>
     <span class='ocr_line' id='line_1_32' title="bbox 389 2654 2270 2724; baseline 0.001 -20"><span class='ocrx_word' id='word_1_277' title='bbox 389 2654 545 2720; x_wconf 80' lang='lat' dir='ltr'><strong>Atqui</strong></span> <span class='ocrx_word' id='word_1_278' title='bbox 572 2654 670 2707; x_wconf 82' lang='lat' dir='ltr'><strong>boc</strong></span> <span class='ocrx_word' id='word_1_279' title='bbox 696 2656 882 2708; x_wconf 82' lang='lat' dir='ltr'><strong>falsum</strong></span> <span class='ocrx_word' id='word_1_280' title='bbox 913 2670 1028 2709; x_wconf 88' lang='lat' dir='ltr'><strong>esse</strong></span> <span class='ocrx_word' id='word_1_281' title='bbox 1053 2658 1107 2708; x_wconf 90' lang='lat' dir='ltr'><strong>in</strong></span> <span class='ocrx_word' id='word_1_282' title='bbox 1136 2658 1339 2724; x_wconf 88' lang='lat' dir='ltr'><strong>cap.11.</strong></span> <span class='ocrx_word' id='word_1_283' title='bbox 1371 2656 1712 2708; x_wconf 86' lang='lat' dir='ltr'><strong>ostendimus.</strong></span> <span class='ocrx_word' id='word_1_284' title='bbox 1784 2657 1872 2707; x_wconf 79' lang='lat'><strong>84.</strong></span> <span class='ocrx_word' id='word_1_285' title='bbox 1911 2656 2112 2708; x_wconf 85' lang='lat' dir='ltr'><strong>Deinde</strong></span> <span class='ocrx_word' id='word_1_286' title='bbox 2139 2668 2270 2721; x_wconf 90' lang='lat' dir='ltr'><strong>sup-</strong></span> 
     </span>
     <span class='ocr_line' id='line_1_33' title="bbox 391 2728 2266 2802; baseline -0.001 -21"><span class='ocrx_word' id='word_1_287' title='bbox 391 2732 537 2797; x_wconf 90' lang='lat' dir='ltr'><strong>ponit</strong></span> <span class='ocrx_word' id='word_1_288' title='bbox 574 2746 791 2784; x_wconf 90' lang='lat' dir='ltr'><strong>sensum</strong></span> <span class='ocrx_word' id='word_1_289' title='bbox 820 2734 1117 2802; x_wconf 80' lang='lat' dir='ltr'><strong>scripturae</strong></span> <span class='ocrx_word' id='word_1_290' title='bbox 1153 2749 1211 2785; x_wconf 84' lang='lat' dir='ltr'><strong>ex</strong></span> <span class='ocrx_word' id='word_1_291' title='bbox 1246 2733 1362 2799; x_wconf 86' lang='lat' dir='ltr'><strong>ipsa</strong></span> <span class='ocrx_word' id='word_1_292' title='bbox 1387 2732 1650 2799; x_wconf 81' lang='lat' dir='ltr'><strong>Scriptura</strong></span> <span class='ocrx_word' id='word_1_293' title='bbox 1685 2728 1921 2785; x_wconf 82' lang='lat' dir='ltr'><strong>constare</strong></span> <span class='ocrx_word' id='word_1_294' title='bbox 1956 2747 2060 2785; x_wconf 89' lang='lat' dir='ltr'><strong>non</strong></span> <span class='ocrx_word' id='word_1_295' title='bbox 2094 2745 2266 2798; x_wconf 85' lang='lat' dir='ltr'><strong>posse.</strong></span> 
     </span>
     <span class='ocr_line' id='line_1_34' title="bbox 392 2802 2268 2878; baseline -0.002 -18"><span class='ocrx_word' id='word_1_296' title='bbox 392 2810 585 2861; x_wconf 82' lang='lat' dir='ltr'><strong>Rerum</strong></span> <span class='ocrx_word' id='word_1_297' title='bbox 623 2812 758 2862; x_wconf 88' lang='lat' dir='ltr'><strong>enim</strong></span> <span class='ocrx_word' id='word_1_298' title='bbox 786 2802 971 2862; x_wconf 77' lang='lat' dir='ltr'><strong>vei-itas</strong></span> <span class='ocrx_word' id='word_1_299' title='bbox 999 2826 1057 2863; x_wconf 84' lang='lat' dir='ltr'><strong>ex</strong></span> <span class='ocrx_word' id='word_1_300' title='bbox 1087 2808 1199 2878; x_wconf 83' lang='lat' dir='ltr'><strong>ipsa</strong></span> <span class='ocrx_word' id='word_1_301' title='bbox 1226 2810 1488 2877; x_wconf 86' lang='lat' dir='ltr'><strong>Scriptura</strong></span> <span class='ocrx_word' id='word_1_302' title='bbox 1517 2824 1618 2861; x_wconf 90' lang='lat' dir='ltr'><strong>nou</strong></span> <span class='ocrx_word' id='word_1_303' title='bbox 1655 2815 1883 2873; x_wconf 86' lang='lat' dir='ltr'><strong>constat,</strong></span> <span class='ocrx_word' id='word_1_304' title='bbox 1923 2815 2096 2876; x_wconf 84' lang='lat' dir='ltr'><strong>utpote</strong></span> <span class='ocrx_word' id='word_1_305' title='bbox 2133 2820 2268 2873; x_wconf 87' lang='lat' dir='ltr'><strong>quae</strong></span> 
     </span>
     <span class='ocr_line' id='line_1_35' title="bbox 394 2878 2268 2955; baseline -0.001 -21"><span class='ocrx_word' id='word_1_306' title='bbox 394 2885 516 2936; x_wconf 85' lang='lat' dir='ltr'><strong>nibil</strong></span> <span class='ocrx_word' id='word_1_307' title='bbox 538 2885 880 2949; x_wconf 84' lang='lat' dir='ltr'><strong>demonstrat,</strong></span> <span class='ocrx_word' id='word_1_308' title='bbox 910 2901 1005 2939; x_wconf 90' lang='lat' dir='ltr'><strong>nec</strong></span> <span class='ocrx_word' id='word_1_309' title='bbox 1023 2901 1105 2938; x_wconf 91' lang='lat' dir='ltr'><strong>res</strong></span> <span class='ocrx_word' id='word_1_310' title='bbox 1121 2926 1135 2949; x_wconf 89' lang='lat'><strong>,</strong></span> <span class='ocrx_word' id='word_1_311' title='bbox 1167 2886 1232 2938; x_wconf 91' lang='lat' dir='ltr'><strong>de</strong></span> <span class='ocrx_word' id='word_1_312' title='bbox 1252 2883 1446 2955; x_wconf 86' lang='lat' dir='ltr'><strong>quibus</strong></span> <span class='ocrx_word' id='word_1_313' title='bbox 1474 2878 1728 2951; x_wconf 82' lang='lat' dir='ltr'><strong>loquitur,</strong></span> <span class='ocrx_word' id='word_1_314' title='bbox 1762 2900 1855 2953; x_wconf 87' lang='lat' dir='ltr'><strong>per</strong></span> <span class='ocrx_word' id='word_1_315' title='bbox 1874 2886 2194 2937; x_wconf 84' lang='lat' dir='ltr'><strong>definitiones</strong></span> <span class='ocrx_word' id='word_1_316' title='bbox 2215 2890 2268 2933; x_wconf 89' lang='lat' dir='ltr'><strong>et</strong></span> 
     </span>
     <span class='ocr_line' id='line_1_36' title="bbox 393 2958 2266 3027; baseline -0.001 -17"><span class='ocrx_word' id='word_1_317' title='bbox 393 2962 587 3027; x_wconf 85' lang='lat' dir='ltr'><strong>primas</strong></span> <span class='ocrx_word' id='word_1_318' title='bbox 605 2976 729 3015; x_wconf 87' lang='lat' dir='ltr'><strong>suas</strong></span> <span class='ocrx_word' id='word_1_319' title='bbox 750 2977 933 3017; x_wconf 81' lang='lat' dir='ltr'><strong>causas</strong></span> <span class='ocrx_word' id='word_1_320' title='bbox 951 2962 1118 3017; x_wconf 88' lang='lat' dir='ltr'><strong>docet.</strong></span> <span class='ocrx_word' id='word_1_321' title='bbox 1190 2962 1364 3027; x_wconf 82' lang='lat' dir='ltr'><strong>Quare</strong></span> <span class='ocrx_word' id='word_1_322' title='bbox 1383 2976 1440 3016; x_wconf 86' lang='lat' dir='ltr'><strong>ex</strong></span> <span class='ocrx_word' id='word_1_323' title='bbox 1457 2964 1710 3017; x_wconf 85' lang='lat' dir='ltr'><strong>sententia</strong></span> <span class='ocrx_word' id='word_1_324' title='bbox 1728 2958 2073 3018; x_wconf 69' lang='lat' dir='ltr'><strong>Haimonidae</strong></span> <span class='ocrx_word' id='word_1_325' title='bbox 2093 2972 2266 3025; x_wconf 86' lang='lat' dir='ltr'><strong>neque</strong></span> 
     </span>
    </p>
   </div>
   <div class='ocr_carea' id='block_1_5' title="bbox 398 3076 737 3087">
    <p class='ocr_par' dir='ltr' id='par_1_6' title="bbox 398 3076 737 3087">
     <span class='ocr_line' id='line_1_37' title="bbox 398 3076 737 3087; baseline 0 398"><span class='ocrx_word' id='word_1_326' title='bbox 398 3076 737 3087; x_wconf 95' lang='lat' dir='ltr'><strong> </strong></span> 
     </span>
    </p>
   </div>
   <div class='ocr_carea' id='block_1_6' title="bbox 500 3130 944 3190">
    <p class='ocr_par' dir='ltr' id='par_1_7' title="bbox 500 3130 944 3190">
     <span class='ocr_line' id='line_1_38' title="bbox 500 3130 944 3190; baseline 0.005 -18"><span class='ocrx_word' id='word_1_327' title='bbox 500 3130 543 3182; x_wconf 75' lang='lat'><strong>⁶)</strong></span> <span class='ocrx_word' id='word_1_328' title='bbox 578 3130 673 3174; x_wconf 72' lang='lat' dir='ltr'><strong>vta.</strong></span> <span class='ocrx_word' id='word_1_329' title='bbox 694 3132 735 3184; x_wconf 79' lang='grc' dir='ltr'><strong>ς.</strong></span> <span class='ocrx_word' id='word_1_330' title='bbox 755 3132 822 3176; x_wconf 80' lang='lat' dir='ltr'><strong>cr.</strong></span> <span class='ocrx_word' id='word_1_331' title='bbox 842 3144 944 3190; x_wconf 75' lang='lat' dir='ltr'><strong>sqq.</strong></span> 
     </span>
    </p>
   </div>
  </div>
 </body>
</html>
