2548 3485
747 629 1607 728 PRAEFATIO.

1010 883 1348 894 -ι--ι--αι-

338 1021 417 1096 Si
435 1043 673 1096 homines
693 1057 776 1096 res
795 1057 978 1096 omues
995 1059 1120 1097 suas
1149 1051 1288 1096 certo
1314 1043 1531 1095 oonsilio
1557 1057 1731 1110 regere
1755 1050 1999 1112 possent,
2039 1043 2121 1096 vel

237 1121 282 1172 si
299 1119 507 1174 fortuna
525 1122 657 1188 ipsis
675 1135 922 1188 prospera
941 1137 1147 1189 semper
1163 1121 1312 1185 foret,
1335 1121 1478 1173 nulla
1497 1123 1863 1188 superstitione
1882 1129 2123 1174 teneren-

237 1204 337 1254 tur.
391 1198 495 1264 Sed
514 1199 760 1265 qnoniam
779 1215 840 1250 eo
859 1213 1012 1266 saepe
1031 1199 1386 1266 angustiarum
1407 1198 1727 1264 rediguntur,
1766 1206 1825 1251 ut
1844 1199 2119 1252 consilinm

237 1275 438 1328 nullum
467 1275 666 1328 adferre
697 1284 913 1342 queant,
954 1285 1003 1328 et
1032 1276 1341 1343 plerumque
1368 1274 1435 1326 ob
1464 1278 1657 1328 ineerta
1690 1277 1925 1330 fortunae
1961 1275 2117 1340 bona,

237 1367 369 1419 quae
387 1353 502 1405 sine
522 1353 676 1404 modo
705 1355 948 1420 cupiunt,
989 1355 1122 1406 inter
1139 1367 1290 1420 spem
1311 1361 1611 1420 metumque
1630 1355 1817 1406 misere
1836 1353 2116 1415 fluctuant;

234 1431 597 1482 ideoauimum
617 1436 676 1480 ut
693 1430 976 1498 plurimum
997 1431 1061 1482 ad
1076 1431 1285 1496 quidvis
1298 1428 1614 1482 eredendum
1634 1432 2006 1498 pronissimum
2028 1431 2122 1483 ha-

234 1506 387 1568 bent,
427 1509 664 1574 quidum
685 1509 736 1559 in
759 1504 1045 1570 dubio'est,
1084 1507 1220 1558 facili
1244 1515 1505 1560 momento
1524 1508 1625 1560 hue
1642 1515 1797 1574 atque
1814 1507 1940 1560 illuc
1968 1507 2123 1573 pelli-

233 1591 344 1649 tur,
386 1593 438 1636 et
468 1584 630 1636 multo
658 1584 862 1637 facilius
898 1584 1024 1636 dum
1053 1599 1146 1652 spe
1177 1591 1226 1636 et
1256 1594 1397 1638 metu
1430 1587 1653 1652 agitatus
1689 1585 1890 1647 haeret,-
1932 1583 2121 1651 praefi-

235 1661 367 1713 dens
393 1661 551 1725 aliaS‚
589 1661 932 1714 iactabundus
973 1677 1032 1714 ac
1068 1662 1323 1714 tumidus.
1396 1666 1451 1719 2.
1486 1663 1661 1729 Atque
1698 1663 1825 1716 haec
1859 1663 2121 1715 neminem

235 1740 474 1805 ignorare
499 1740 761 1805 existimo,
801 1741 1040 1807 quamvis
1069 1739 1343 1807 plerosque
1374 1755 1430 1793 se
1460 1741 1607 1809 ipsos
1636 1741 1871 1807 ignorare
1892 1739 2118 1794 credam.

232 1818 398 1869 Nemo
427 1818 564 1869 enim
595 1820 728 1871 iuter
747 1818 988 1869 homiues
1007 1821 1076 1869 ita
1093 1819 1242 1880 vixit,
1285 1820 1499 1884 quinon
1520 1817 1729 1883 viderit,
1769 1819 2045 1886 plerosque
2065 1820 2119 1869 in

233 1894 392 1946 rebus
419 1896 712 1961 prosperis,
752 1896 850 1947 etsi
877 1894 1257 1963 imperitissimi
1284 1896 1418 1958 sint,
1456 1897 1707 1962 sapientia
1736 1898 1804 1947 ita
1832 1895 2114 1960 abundare,

233 1979 292 2023 nt
325 1971 428 2023 sibi
461 1972 702 2024 iniuriam
731 1972 840 2023 fleri
867 1973 1107 2034 credant,
1147 1974 1191 2023 si
1221 1975 1340 2039 quis
1358 1974 1427 2024 iis
1445 1972 1723 2025 eonsilium
1743 1973 1864 2026 dare
1881 1972 2025 2035 velit;
2062 1973 2119 2023 in

232 2048 461 2101 adversis
492 2057 694 2112 autem,
736 2064 840 2115 quo
868 2064 926 2101 se
953 2057 1148 2101 vertant
1176 2050 1375 2101 nescire
1403 2056 1456 2100 et
1481 2050 1753 2101 eonsilium
1782 2050 1847 2101 ab
1874 2064 2118 2115 unoquo-

234 2141 332 2192 que
359 2126 628 2192 supplices
659 2135 858 2193 petere,
899 2142 994 2179 nee
1022 2126 1187 2178 ulium
1221 2133 1326 2177 tam
1347 2129 1581 2193 ineptum
1601 2134 1811 2193 tamque
1829 2126 2118 2179 absurdum

233 2211 320 2255 ant
351 2217 540 2255 vanum
571 2204 774 2267 audire,
817 2206 955 2270 quod
986 2218 1092 2257 non
1113 2211 1423 2269 sequentum
1466 2203 1650 2255 deinde
1670 2204 1946 2256 levissimis
1965 2205 2119 2255 etiam

234 2282 296 2333 de
326 2281 502 2333 causis
531 2282 636 2333 iam
665 2282 879 2334 meliora
915 2296 1149 2348 sperare,
1189 2294 1374 2333 rursus
1412 2280 1659 2333 deteriora
1698 2281 1896 2333 timere.
1970 2282 2022 2333 3.
2062 2282 2121 2333 Si

234 2358 358 2425 quid
379 2360 547 2423 enim,
588 2360 713 2410 dum
734 2360 787 2410 in
811 2366 950 2410 metu
972 2365 1269 2421 versantur,
1312 2359 1603 2425 contingere
1621 2357 1824 2419 vident,
1864 2357 2005 2424 quod
2026 2373 2117 2411 eos

231 2436 493 2501 praeteriti
510 2436 733 2489 alieuius
749 2435 875 2488 boni
894 2436 973 2489 vel
996 2436 1116 2487 mali
1137 2450 1394 2488 memores
1415 2436 1605 2499 reddit,
1647 2434 1701 2487 id
1722 2436 1913 2487 exitum
1932 2443 2021 2488 aut
2038 2436 2121 2488 fe-

232 2514 380 2565 licem
400 2520 492 2565 aut
510 2512 766 2566 inseiicem
787 2514 1092 2572 obnuntiare
1121 2520 1333 2581 putant,
1373 2513 1513 2579 quod
1541 2522 1840 2581 propterea,
1878 2515 2118 2579 quamvis

234 2588 609 2649 centies’fallan
643 2583 874 2642 faustum
896 2590 972 2642 vel
994 2591 1278 2643 infaustum
1300 2606 1449 2642 omen
1467 2600 1669 2643 vocant.
1742 2590 1945 2657 Siquid
1965 2605 2117 2657 porro

233 2666 503 2719 insolitum
525 2681 708 2733 magna
729 2682 849 2719 eum
869 2668 1206 2720 admiratione
1223 2668 1424 2733 vident,
1463 2668 1515 2719 id
1535 2667 1826 2735 prodigium
1857 2682 1974 2719 esse
2004 2681 2117 2719 ere-

232 2744 394 2807 dunt,
435 2743 580 2810 quod
609 2744 820 2795 deorum
853 2752 943 2796 aut
968 2744 1162 2797 summi
1198 2746 1433 2796 numinis
1458 2745 1587 2796 iram
1614 2746 1831 2809 indicat,
1872 2743 2117 2810 quodque

233 2821 359 2873 adeo
378 2819 565 2873 hostiis
583 2828 634 2872 et
651 2822 779 2875 votis
799 2838 902 2874 non
925 2823 1066 2889 piare
1081 2862 1095 2885 ,
1136 2822 1280 2874 nefas
1299 2821 1490 2873 habent
1508 2822 1741 2874 homines
1760 2820 2117 2887 superstitioni

233 2897 439 2951 obnoxii
471 2904 522 2949 et
548 2898 776 2965 religioni
807 2900 1038 2961 adversi3
1077 2914 1301 2967 eumque
1328 2899 1391 2952 ad
1422 2898 1635 2952 modum
1665 2898 1864 2950 infinita
1889 2897 2107 2963 fingunt,

234 2982 284 3027 et
320 2975 471 3042 quasi
509 2981 618 3027 tota
653 2983 832 3029 natu-ra
870 2991 988 3029 eum
1025 2978 1156 3044 ipsis
1189 2978 1466 3039 insaniret,
1508 2977 1723 3029 eandem
1758 2975 1905 3026 miris
1941 2974 2111 3027 modis

232 3052 649 3119 interpretantur.
723 3056 774 3105 4.
817 3054 995 3117 Quum
1015 3056 1170 3121 igitur
1188 3045 1313 3106 haee
1330 3056 1400 3105 ita
1419 3066 1535 3105 sese
1554 3052 1794 3113 habeant,
1833 3060 1943 3103 tum
1963 3065 2116 3117 prae-

236 3132 386 3200 cipue
403 3130 639 3185 videmus
653 3170 670 3197 ,
710 3145 801 3185 eos
819 3133 961 3185 omni
979 3132 1360 3201 superstitionis
1379 3132 1552 3199 generi
1572 3130 1953 3181 addictissimos
1974 3142 2107 3189 esse,

659 3220 664 3228 .
1619 3215 1642 3264 ¹
1661 3216 1687 3244 *
