2548 3485
1075 179 1212 225 car.
1265 179 1377 224 vn.
2051 167 2169 231 103

285 355 584 425 antiquitus
617 373 652 408 a
687 354 1052 408 resistentibus
1086 349 1489 424 pamphylicum
1518 352 1670 406 'mare
1706 353 1932 406 divisum
1966 357 2066 420 sit;
2122 361 2175 406 et

283 439 446 502 quum
474 435 630 485 alfred
651 437 756 485 iter
780 450 883 487 non
913 439 1072 499 esset,
1114 437 1397 484 transitum
1418 435 1671 500 praebuit
1695 435 1791 494 iis,
1830 431 2032 482 volente
2058 433 2173 484 Deo

276 529 382 582 per
415 527 534 562 enm
564 511 851 563 Persarum
887 513 1156 562 destruere
1175 513 1559 582 principatum.
1632 511 1707 561 Et
1734 513 1831 560 hoc
1860 511 2175 576 confitentur

287 601 488 653 omnes,
512 591 611 655 qm*
624 594 776 640 actm
793 589 1093 642 Aleoeandri
1110 589 1523 656 seripserunt*).
1597 589 1677 638 De
1698 590 1780 637 leis
1798 589 2005 653 itaque,
2036 589 2176 636 sicut

280 665 560 732 placuerit
577 667 820 728 cuilibet,
861 669 1147 717 eoeistimet.
1222 661 1363 718 Haec
1390 673 1511 717 sunt
1540 665 1690 718 verba
1723 663 1926 732 Iosephi
1956 665 2174 729 eiusque

289 743 354 794 de
372 743 472 794 fide
493 742 859 795 miraculorum
879 743 1148 796 iudicium.

507 931 700 1036 GAP}
727 975 854 1035 Vll.
943 962 1561 1056 Dte-interpretatione
1599 975 1956 1056 Scripturae.

373 1128 654 1181 Omnibus
683 1131 737 1179 in
768 1141 856 1179 ore
885 1127 1096 1194 quidem
1129 1136 1236 1188 est,
1278 1141 1472 1179 sacram
1504 1129 1809 1196 scripturam
1828 1127 2038 1179 verbum
2060 1142 2174 1178 esse

291 1207 412 1266 Dei,
455 1205 594 1271 quod
635 1206 869 1256 homines
906 1219 1073 1258 veram
1113 1205 1484 1257 beatitudinem
1523 1206 1598 1258 vel
1636 1206 1817 1256 salutis
1845 1205 1977 1256 viam
2009 1205 2172 1255 docet.

293 1283 484 1333 Verum
524 1297 578 1334 re
613 1285 727 1349 ipsa
764 1281 904 1333 atiud
931 1283 1085 1349 piane
1111 1283 1385 1334 indiction
1436 1283 1638 1348 Vulgus
1668 1283 1804 1333 enim
1839 1281 1964 1332 nihil
2000 1283 2173 1332 minus

292 1373 468 1410 curare
495 1359 718 1422 videtur,
758 1373 914 1426 quam
945 1375 1005 1410 ex
1033 1359 1359 1410 documentis
1388 1373 1562 1410 sacrae
1592 1359 1871 1424 scripturae
1894 1363 2086 1421 vivere,
2128 1365 2178 1409 et

293 1439 472 1488 omnes
502 1437 606 1488 fere
634 1449 728 1488 sua
757 1443 1043 1489 commenta
1074 1451 1164 1502 pro
1195 1437 1291 1488 Dei
1323 1435 1475 1488 verbo
1503 1437 1759 1487 venditare
1779 1435 2043 1498 videmus,
2084 1449 2177 1485 nee

292 1513 431 1564 alind
460 1513 695 1576 studere,
736 1529 892 1580 qnam
923 1513 1024 1566 sub
1055 1521 1316 1580 praetextu
1350 1513 1610 1586 religionis
1648 1519 1843 1564 ceteros
1873 1527 2079 1578 cogere,
2120 1519 2177 1562 nt

293 1605 471 1642 secum
491 1593 732 1643 sentiant.
804 1593 858 1648 2.
893 1592 1174 1655 videtum,
1215 1593 1457 1658 inquam,
1496 1589 1759 1658 theologos
1787 1587 2037 1642 sonicitos
2058 1589 2175 1654 ple-

295 1681 517 1734 rumque
543 1667 736 1729 fuisse,
763 1667 1038 1734 'quomodo
1065 1683 1159 1720 sua
1185 1667 1431 1734 figmenta
1452 1673 1501 1719 et
1527 1668 1711 1736 placita
1740 1681 1798 1718 ex
1826 1667 1987 1718 sacris
2015 1665 2177 1716 literis

294 1753 594 1812 extorquere
611 1737 827 1812 possen-t
845 1754 898 1797 et
915 1746 1084 1798 divina
1106 1748 1403 1798 auctoritate
1423 1748 1651 1812 munire,
1694 1760 1787 1797 nec
1818 1744 1958 1797 aliud
1980 1745 2178 1795 minore

294 1838 414 1875 enm
445 1824 692 1891 scrupulo
721 1820 1016 1889 maioreq'ne
1039 1835 1157 1875 cnm
1189 1825 1476 1876 temeritate
1493 1839 1670 1889 agere,
1711 1836 1867 1890 quam
1888 1822 2177 1888 Scripturas

293 1902 402 1952 sive
419 1902 634 1966 spiritns
655 1902 817 1952 saneti
837 1908 1062 1953 mentem
1085 1901 1435 1967 interpretari,
1474 1909 1525 1951 et
1552 1900 1596 1953 si
1618 1906 1727 1951 tum
1748 1914 1837 1951 eos
1858 1898 2053 1965 aliquid
2072 1899 2180 1950 sol-

293 1978 462 2029 licitos
485 1977 664 2039 habet,
706 1989 810 2028 nnn
839 1984 919 2028 est
948 1977 1086 2043 qnod
1116 1984 1379 2041 verentur,
1418 1992 1484 2029 ne
1513 1979 1716 2043 spiritui
1747 1985 1925 2029 sancto
1954 1978 2176 2043 aliquem

295 2059 518 2106 errorem
549 2054 792 2119 affingant
815 2064 872 2106 et
899 2069 927 2104 a
955 2056 1032 2106 via
1061 2054 1248 2105 salutis
1271 2051 1537 2117 aberrent,
1576 2054 1667 2105 sed
1687 2069 1752 2104 ne
1773 2055 1958 2105 erroris
1980 2054 2043 2104 ab
2064 2054 2179 2104 aliis

297 2132 691 2194 convincantur,
730 2140 884 2197 atque
916 2133 984 2183 ita
1017 2132 1221 2199 propria
1251 2146 1430 2183 eorum
1460 2130 1559 2182 snb
1580 2130 1801 2199 pedibus
1820 2132 1982 2183 iaceat
2001 2137 2181 2181 aueto-

295 2210 445 2270 ritas,
479 2214 529 2259 et
563 2208 628 2260 ab
665 2208 780 2260 assis
809 2216 1220 2261 contemnantur.
1294 2208 1347 2261 3.
1388 2208 1542 2271 Quod
1573 2208 1617 2259 si
1646 2208 1882 2259 homines
1919 2208 1997 2271 id,
2039 2207 2179 2273 quod

296 2284 466 2337 verbis
493 2286 560 2337 de
579 2286 840 2352 Scriptura
868 2294 1146 2356 testantur,
1185 2300 1243 2337 ex
1273 2300 1389 2337 vero
1412 2286 1583 2337 animo
1603 2284 1856 2351 dicerent,
1897 2294 2007 2336 tum
2029 2285 2179 2335 aliam

297 2374 516 2429 prorsus·
539 2363 741 2415 vivendi
769 2365 1018 2415 rationem
1047 2362 1323 2427 haberent,
1364 2378 1532 2430 neque
1562 2369 1635 2414 tot
1662 2362 1950 2415 discordiae
1980 2370 2181 2413 mentes

299 2454 476 2492 eorum
519 2442 770 2506 agitarent
815 2454 987 2506 neque
1023 2448 1098 2491 tot
1138 2441 1270 2492 odiis
1310 2446 1590 2503 certarent,
1647 2454 1742 2492 nee
1787 2448 1889 2492 tam
1938 2454 2089 2493 coeca
2134 2447 2183 2491 et

297 2518 565 2568 temeraria
609 2517 892 2585 eupiditate
927 2518 1293 2584 interpretandi
1333 2518 1651 2585 Scripturam
1702 2532 1935 2583 novaque
1970 2517 2023 2569 in
2064 2517 2183 2569 reli-

297 2594 450 2659 gione
468 2594 784 2660 excogitandi
805 2601 1126 2656 tenetentum
1167 2596 1258 2647 sed
1292 2603 1467 2647 eontra
1496 2594 1625 2647 nihil
1660 2600 1922 2662 tamquam
1946 2596 2183 2661 Scriptu-

297 2686 384 2723 rae
423 2671 708 2723 doctrinam
743 2673 981 2739 amplecti
1022 2672 1300 2735 auderent,
1343 2671 1481 2739 quod
1526 2672 1591 2723 ab
1638 2673 1752 2739 ipsa
1798 2686 1955 2738 quam
2002 2671 2183 2721 claris-

295 2749 430 2799 sime
455 2762 562 2799 non
589 2750 956 2809 edocerentur:
997 2757 1046 2801 et
1076 2750 1301 2816 denique
1340 2749 1571 2815 sacrilegi
1609 2748 1707 2812 issi,
1750 2750 1839 2815 qni
1868 2750 2181 2815 Scripturam

294 2826 540 2893 plurimis
566 2827 620 2876 in
653 2827 776 2877 loeis
805 2826 1091 2878 adulterare
1119 2840 1222 2877 non
1257 2833 1381 2878 sunt
1408 2826 1551 2879 veriti
1569 2865 1584 2888 ‚
1620 2840 1650 2877 a
1680 2833 1820 2877 tanto
1850 2822 2041 2875 scelere
2068 2839 2185 2875 ma-

293 2904 428 2954 xime
453 2904 712 2955 eavissent
743 2914 1034 2971 manusque
1063 2906 1337 2971 sacrilegas
1366 2902 1431 2955 ab
1460 2905 1524 2955 iis
1557 2901 1950 2955 abstinuissent.
2023 2904 2075 2953 4.
2114 2902 2185 2952 At

296 2980 510 3032 ambitio
547 2988 598 3032 et
634 2980 806 3033 scelus
825 2988 1028 3033 tantum
1059 2981 1266 3035 tandem
1296 2987 1601 3049 potuerunt,
1640 2985 1698 3030 ut
1726 2975 1903 3043 religio
1937 2992 2041 3030 non
2082 2986 2181 3029 tam

399 3152 440 3205 ’)
477 3152 612 3199 conf.
633 3148 755 3198 plut.
775 3152 855 3197 vit.
875 3150 1003 3198 Alex.
1023 3162 1124 3210 cap.
1147 3155 1209 3196 n.
