2548 3485
1181 0 1343 29 .,.3.

1130 137 1265 207 cst.
1320 160 1431 207 xv.
2087 154 2206 215 201
2315 190 2321 196 -

254 328 261 335 ’
322 348 401 395 'et
413 354 550 409 quac
568 339 679 407 sola
696 338 827 397 ratio
840 343 893 390 et
911 336 1235 407 philosophia
1248 378 1263 400 ‚
1297 352 1401 389 non
1421 343 1588 389 autem
1609 335 1890 403 Scriptura,
1919 334 2068 387 docet
2087 333 2217 389 falsa

254 488 263 498 ⁸
348 432 489 479 esse,
530 430 664 484 quae
684 424 855 469 tamen
874 416 1045 468 omnia
1064 431 1123 469 ex
1140 416 1382 484 opinione
1401 414 1551 467 istius
1569 414 1794 467 auctoris
1807 451 1820 475 ,
1861 412 1986 479 quia
2003 412 2142 479 nulla
2164 413 2217 464 in

350 496 431 547 his
460 494 672 547 rationis
700 492 1005 545 consuttatio
1042 502 1147 557 cst,
1187 500 1454 559 tamquam
1488 505 1608 543 vera
1644 496 1817 543 essent
1851 487 2216 557 supponenda.

354 572 437 625 18.
475 569 675 623 Deinde
700 570 833 621 falso
860 568 1100 632 affirmat,
1138 584 1302 623 unum
1329 568 1500 621 locum
1523 568 1665 621 alteri
1692 580 1784 636 per
1799 565 2218 632 consequentiam
2254 570 2262 578 ·

355 653 550 700 tantum
570 660 871 713 repugnare,
886 660 987 698 nou
1008 653 1179 700 autem
1198 647 1409 699 directe.
1446 646 1577 697 Nam
1587 646 1760 697 Moses
1777 644 1968 695 directe
1987 641 2217 703 affirmat,

351 725 525 776 Deum
550 735 658 774 oue
684 726 865 789 ignem
890 721 1021 794 (vid.
1040 726 1194 775 Deut.
1218 737 1332 791 cap.
1353 726 1407 777 4.
1427 737 1559 774 vers.
1580 720 1726 789 24.,)
1767 728 1818 771 ct
1841 720 2029 771 directe
2050 724 2218 783 neget,

352 802 521 853 Deum
558 800 716 851 ullam
748 798 937 851 habene
974 778 1370 852 similitudinem
1410 814 1526 851 cum
1564 798 1720 851 rebus
1755 795 2045 849 visibilibus
2079 794 2222 861 (vide

354 879 509 929 Dent.
528 890 573 928 c.
596 879 650 928 4.
670 890 805 929 vers.
827 876 968 941 12.,)
996 878 1141 929 etsi
1150 883 1372 943 regerat,
1403 876 1500 928 hoc
1531 890 1632 927 non
1663 873 1880 937 directe,
1909 874 2000 925 sed
2023 876 2222 922 tantum

354 969 447 1021 per
464 953 887 1019 consequentiam
907 966 1091 1018 negare
1108 955 1276 1005 Deum
1297 966 1410 1006 esse
1427 954 1599 1021 ignem
1614 990 1628 1013 ,
1667 952 1898 1017 adeoque
1916 948 1992 1001 illi
2020 959 2225 999 accom-
2307 976 2312 981 -

354 1028 700 1091 medendum,
742 1044 807 1081 ne
824 1028 877 1081 id
898 1044 1084 1094 negare
1103 1030 1359 1095 videmus-3
1398 1044 1490 1097 age
1512 1028 1882 1092 concedamus,
1922 1028 2088 1078 Deum
2109 1036 2224 1075 esse

356 1108 528 1173 ignem
541 1144 556 1168 ,
586 1105 663 1157 vel
684 1106 857 1171 potius
870 1142 885 1169 ,
918 1120 983 1159 ne
1000 1120 1119 1160 cum
1138 1107 1253 1173 ipso
1270 1108 1619 1169 insaniemus,
1652 1104 1776 1157 haec
1797 1106 1955 1155 missa
1974 1101 2224 1153 faciamus

357 1192 407 1235 et
434 1181 574 1234 alind
602 1182 891 1249 exemplum
920 1184 972 1233 in
1002 1184 1232 1235 medium
1260 1185 1604 1250 proferamus.
1683 1182 1764 1233 10.
1801 1182 2000 1246 Nempe
2017 1175 2226 1229 Samuel

358 1260 548 1312 directe
565 1266 746 1325 negat,
784 1260 953 1311 Deum
972 1262 1254 1326 sententiae
1270 1262 1530 1327 poenitere
1551 1258 1688 1323 (vide
1709 1258 1734 1309 1
1757 1254 1985 1310 Samuel.
2008 1267 2122 1319 cap.
2140 1254 2220 1304 15.

358 1349 494 1388 vers.
506 1336 643 1403 22),
662 1342 715 1387 ct
733 1336 975 1390 Ieremias
994 1344 1168 1389 contra
1186 1336 1419 1399 affirmat,
1431 1337 1597 1387 Deum
1617 1334 1874 1401 poenitere
1893 1331 2088 1383 boniet
2105 1329 2226 1381 mali

361 1410 504 1479 quod
522 1411 807 1468 decreverat
826 1410 967 1479 (vide
986 1414 1173 1464 lerem.
1190 1420 1308 1481 cap.
1333 1413 1416 1466 18.
1437 1426 1572 1464 vers.
1591 1410 1794 1478 8.10.).
1867 1404 2044 1473 Quid?
2110 1404 2227 1457 An-

360 1504 426 1540 ne
446 1487 569 1543 haec
588 1488 797 1555 quidem
816 1487 917 1541 sibi
937 1490 1153 1541 invicem
1173 1489 1360 1543 directe
1380 1483 1748 1556 opponuntur?
1809 1485 1976 1547 Quem
1997 1483 2151 1548 igitur
2169 1496 2229 1533 ex

360 1568 473 1619 istis
502 1564 713 1617 duobus
739 1564 1081 1631 metaphorice
1108 1566 1356 1633 explicare
1375 1563 1518 1617 vult?
1594 1566 1820 1629 Utraque
1837 1560 2087 1613 sententia
2107 1558 2232 1609 uni-

363 1641 571 1695 versalis
597 1648 677 1693 est
710 1648 761 1693 et
794 1640 1003 1708 utrique
1036 1645 1314 1704 contraria,
1300 1658 1314 1673 ·
1353 1643 1494 1709 quod
1531 1655 1635 1693 una
1671 1640 1862 1693 directe
1895 1636 2134 1697 affirmat,
2173 1634 2229 1685 id

363 1720 519 1772 altera
543 1719 731 1771 directe
758 1724 929 1785 negat.
998 1717 1294 1800 Adeoque
1279 1735 1392 1788 ipse
1421 1733 1481 1771 ex
1507 1720 1674 1786 ipsius
1711 1715 1886 1782 regula
1921 1715 2018 1766 hoc
2054 1714 2226 1780 ipsum

364 1804 624 1862 tamquam
645 1809 820 1850 verum
838 1795 1099 1862 ampiecti,
1120 1804 1173 1848 et
1188 1797 1346 1850 simul
1365 1804 1627 1862 tamquam
1649 1793 1836 1847 falsum
1855 1792 2064 1845 reiicere
2081 1796 2230 1840 teue-

365 1881 466 1925 ιω.
537 1871 625 1926 20.
662 1871 865 1923 Deinde
882 1872 1006 1938 quid
1028 1873 1205 1934 refert,
1236 1870 1374 1939 qu‘od
1394 1873 1540 1924 locus
1557 1872 1744 1937 aliquis
1763 1883 1868 1922 uon
1889 1870 2108 1928 directe,
2137 1865 2232 1916 sed

364 1953 565 2002 tantum
592 1961 685 2014 per
708 1950 1130 2015 consequentiam
1157 1949 1302 2001 alteri
1331 1955 1604 2014 repugnet,
1641 1949 1688 1998 si
1718 1944 2080 2011 consequentia
2099 1942 2232 1994 clare

366 2027 460 2086 sit,
498 2032 548 2076 et
574 2023 675 2076 loci
692 2025 1073 2078 circumstantia
1093 2035 1141 2077 et
1159 2034 1340 2078 natura
1359 2025 1731 2091 metaphoricos
1750 2022 2108 2089 explicationes
2125 2033 2230 2070 non

366 2102 625 2169 potiantur
638 2139 653 2162 ,
674 2114 895 2168 quorum
915 2101 1135 2168 plurima
1154 2104 1208 2152 in
1224 2101 1410 2154 Bibliis
1428 2097 1785 2168 reperiuntur?
1811 2099 1886 2152 De
1905 2094 2095 2162 quihus
2115 2096 2232 2146 vide

366 2192 479 2245 cap.
508 2175 797 2230 secundum
814 2179 891 2239 ι),
930 2177 1023 2228 uhi
1050 2179 1376 2230 ostendimus
1402 2175 1676 2244 prophetas
1705 2174 1930 2226 diversas
1957 2177 2009 2224 et
2025 2179 2232 2222 coutra-
2346 2196 2353 2203 ·

366 2256 471 2308 rias
490 2252 737 2305 habuisse
754 2254 1052 2318 opinioneS,
1092 2262 1143 2306 et
1161 2255 1434 2322 praecipue
1453 2267 1632 2306 omnes
1652 2251 1766 2303 illes
1785 2249 2228 2308 contradictiones,

368 2343 497 2396 ques
531 2331 585 2382 in
612 2329 845 2383 historiis
870 2343 987 2382 esse
1014 2331 1366 2394 ostendimus,
1405 2343 1591 2396 nempe
1621 2327 1876 2396 capitibus
1902 2327 2000 2378 IX.
2025 2331 2078 2377 et
2103 2326 2168 2376 X.
2176 2325 2230 2399 ἓ)

366 2409 455 2460 21.
491 2405 597 2458 Nec
614 2421 747 2474 opus
769 2404 951 2470 haheo,
978 2406 1061 2458 hic
1078 2410 1251 2460 omnia
1270 2420 1564 2466 recensere;
1597 2421 1714 2457 nam
1736 2405 1869 2456 dicta
1885 2395 2149 2454 sufficiunt
2167 2395 2232 2452 ed

369 2481 619 2544 absurde,
642 2497 775 2550 quae
795 2498 855 2536 ex
870 2482 965 2537 hac
982 2485 1235 2539 sententia
1254 2492 1306 2536 ct
1326 2484 1500 2549 regula
1519 2488 1826 2549 sequuntur,
1850 2481 2066 2545 eiusque
2083 2478 2235 2530 falsi-
2334 2475 2342 2484 '

370 2566 525 2611 tatem
545 2566 595 2610 et
610 2561 833 2612 auctoris
850 2561 1289 2626 praecipitantiam
1307 2558 1704 2617 ostendendum.
1768 2558 1940 2621 Quare
1960 2566 2061 2608 tam
2081 2555 2231 2618 hanc,

370 2649 527 2702 quam
548 2634 691 2688 illam
709 2637 1041 2689 Maimonidis
1060 2639 1368 2690 sententiam
1387 2635 1727 2705 explodimus,
1749 2643 1799 2686 et
1816 2649 1909 2701 pro
1927 2636 2237 2684 inconcusso

369 2713 673 2774 statuimus,
714 2713 853 2781 quod
874 2727 969 2766 nec
986 2713 1237 2780 theologia
1256 2714 1467 2775 rationi,
1506 2727 1602 2764 nec
1619 2714 1746 2764 ratio
1766 2709 2046 2775 theologiae
2072 2709 2238 2779 cucil-

369 2788 463 2840 lari
492 2794 746 2854 teneatur,
786 2789 880 2842 sed
914 2799 1260 2858 {unaquaeque
1293 2805 1446 2845 mum
1479 2805 1703 2856 regnum
1729 2789 1990 2838 obtineat.-
2026 2798 2233 2852 nempe,

368 2866 446 2918 uti
467 2865 713 2927 diximus,
746 2867 875 2918 ratio
890 2881 1105 2933 regnum
1126 2868 1352 2936 vei-itatis
1371 2875 1420 2918 et
1436 2866 1716 2936 sapientiae
1729 2901 1743 2926 ,
1781 2862 2036 2928 theologia
2062 2868 2234 2914 autem

472 3053 515 3102 1)
549 3051 652 3094 Vid.
674 3062 774 3106 cap.
794 3053 836 3094 2.
858 3052 899 3103 ς.
918 3053 985 3093 20.
1006 3063 1109 3109 sqq.

471 3111 520 3164 2)
556 3109 653 3154 vid.
674 3121 776 3166 ουρ.
796 3111 837 3154 9.
858 3113 901 3164 ς.
921 3111 961 3153 τ.
980 3123 1085 3168 sqq.
1106 3117 1273 3168 etcap.
1295 3113 1358 3152 ιο.
1379 3110 1420 3162 ς.
1439 3109 1504 3150 3ο.
1526 3117 1628 3164 sqq.
