2548 3485
1109 131 1244 175 car.
1299 129 1411 175 vn.
2074 129 2100 184 1
2119 129 2187 186 11

312 309 449 361 inter
465 308 742 374 scriptores
755 303 1046 360 Bibliorum
1065 319 1297 372 unquam
1318 305 1416 358 fuit
1436 308 1795 359 controversia.
1870 309 1957 362 35.
1977 309 2196 374 Reliqua

312 394 516 452 autem,
557 385 760 450 quaein
781 385 994 450 Scriptis
1015 389 1317 445 occurrunt,
1358 399 1595 450 quaeque
1625 385 1787 438 solius
1815 392 1939 437 sunt
1957 385 2197 452 specula-

312 463 494 528 tionis,
536 477 640 512 non
673 469 776 512 tam
807 460 954 512 facile
983 460 1210 526 indagari
1242 470 1490 526 possunt;
1534 464 1609 514 via
1637 464 1773 514 enim
1802 462 1867 513 ad
1887 463 2011 514 haec
2031 477 2199 530 angu-

313 540 440 590 stior
475 545 576 590 est.
649 540 780 592 Nam
819 536 1238 618 qnandoquidem
1277 539 1327 588 in
1367 538 1521 590 rebus
1548 540 1873 604 speculativis
1912 539 2194 606 (utiam1)

313 606 663 667 ostendimus)
695 606 971 672 prophetae
1001 607 1134 656 inter
1152 620 1208 657 se
1229 605 1604 658 dissentiebant
1624 615 1673 659 et
1692 623 1860 659 rerum
1882 611 2198 660 narrationes

313 685 530 736 maxime
559 683 970 735 accommodatae
1001 690 1127 734 sunt
1147 685 1562 750 uniuscuiusque
1583 686 1689 736 aevi
1710 687 2056 750 praeiudiciiS‚
2097 688 2198 745 mi-

312 764 452 814 nime
472 761 623 812 nobis
643 761 764 812 licet
784 768 1008 812 mentem
1032 762 1190 820 unius
1210 762 1487 827 prophetae
1514 775 1570 812 ex
1590 761 1715 814 locis
1737 762 2045 814 clarioribus
2068 763 2198 814 alte-

315 840 423 891 rius
443 835 778 898 concludere,
821 853 988 903 neque
1010 837 1279 903 explicare,
1321 839 1420 889 nisi
1442 838 1826 892 evidentissime
1847 847 2065 901 constet,
2105 855 2195 893 eos

314 931 470 968 unam
491 914 811 981 eandemque
843 913 1029 965 fovisse
1051 915 1380 967 sententiam.
1408 915 1418 930 “
1454 915 1539 967 36.
1581 916 1855 979 Quomodo
1878 920 2029 984 igitur
2049 931 2196 968 mens

311 993 676 1062 prophetarum
699 993 749 1042 in
771 992 1034 1042 similibus
1055 992 1124 1042 sit
1144 1007 1202 1043 ex
1222 992 1431 1044 historia
1453 994 1746 1060 scripturae
1766 995 2017 1058 eruenda,
2060 1010 2196 1061 pau-

311 1068 385 1122 cis
406 1071 508 1121 iam
528 1084 797 1136 exponam.
847 1071 1043 1135 Nempe
1065 1073 1196 1121 circa
1217 1069 1341 1121 haec
1362 1071 1511 1121 etiam
1532 1085 1559 1120 a
1580 1073 1797 1122 maxime
1816 1071 2197 1124 universalibus

311 1140 686 1214 incipiendum,
727 1146 1036 1212 inquirendo
1057 1147 1251 1198 scilicet
1269 1156 1386 1198 ante
1408 1149 1577 1200 omnia
1599 1163 1658 1199 ex
1678 1149 1950 1201 sententiis
1970 1150 2199 1216 Scriptu-

312 1239 396 1275 rae
425 1225 642 1297 maxime
673 1223 848 1284 clariS‚
889 1222 1013 1289 quid
1035 1224 1103 1274 sit
1131 1224 1397 1290 prophetia
1424 1225 1530 1277 sive
1560 1225 1821 1286 revelatio,
1864 1233 1914 1277 et
1940 1241 2041 1295 qua
2068 1227 2123 1278 in
2142 1242 2198 1278 re

311 1287 644 1368 potissimum
668 1301 943 1362 consistat;
986 1301 1171 1352 deinde
1192 1301 1315 1366 quid
1337 1302 1403 1350 sit
1426 1301 1756 1364 miraculum,
1782 1304 1923 1354 etsie
1943 1319 2093 1370 porro
2114 1319 2196 1356 res

312 1379 532 1428 maxime
561 1392 894 1439 communes;
936 1377 1121 1431 dehinc
1148 1377 1211 1428 ad
1243 1377 1513 1444 opiniones
1536 1379 1947 1454 uniuscuiusque
1966 1381 2197 1448 prophe-

311 1461 393 1506 tae
433 1453 879 1514 descendendum3
922 1461 972 1505 et
1008 1469 1066 1504 ex
1094 1454 1171 1505 his
1205 1455 1412 1506 tandem
1440 1453 1502 1504 ad
1535 1469 1751 1506 sensum
1781 1457 2196 1525 uniuscuiusque

312 1531 634 1582 revelationis
664 1531 770 1581 sive
805 1530 1128 1598 prophetiae,
1168 1532 1409 1583 historiae
1446 1539 1497 1582 et
1526 1533 1757 1584 miraculi
1787 1532 2192 1598 procedendum.

313 1607 400 1658 37.
438 1607 554 1670 Qua
585 1615 757 1658 autem
791 1610 1027 1658 cautione
1049 1607 1299 1660 utendum
1321 1610 1419 1671 sit,
1463 1625 1528 1660 ne
1548 1610 1601 1660 in
1621 1610 1702 1660 his
1724 1617 1945 1661 mentem
1966 1611 2195 1676 prophe-

312 1691 480 1736 tarum
519 1691 571 1735 et
606 1683 964 1735 historicorum
1006 1699 1122 1736 cum
1162 1693 1333 1736 mente
1370 1687 1585 1751 spiritus
1614 1687 1777 1738 sancti
1812 1694 1862 1738 et
1889 1689 1960 1738 rei
1990 1689 2195 1742 veritate

310 1762 692 1815 confundamus
707 1802 721 1825 ,
762 1777 918 1829 supra
939 1764 1050 1815 suis
1068 1763 1120 1813 in
1149 1763 1279 1815 locis
1300 1764 1477 1815 multis
1497 1765 1742 1832 exemplis
1764 1766 2088 1817 ostendimus
2104 1767 2191 1836 ²);

311 1853 468 1907 quare
499 1839 562 1891 de
591 1837 673 1891 his
695 1854 796 1889 non
818 1854 1030 1891 necesse
1052 1838 1215 1891 habeo
1234 1841 1481 1907 prolixius
1502 1857 1667 1907 agere.
1740 1843 1853 1894 Hoc
1874 1850 2041 1894 tamen
2064 1845 2195 1896 circa

311 1930 526 1969 sensum
547 1916 910 1968 revelationum
931 1916 1214 1968 notandum
1229 1958 1242 1979 ‚
1286 1918 1424 1983 quod
1452 1917 1576 1969 haec
1596 1916 1871 1971 methodus
1890 1928 2087 1971 tantum
2107 1922 2194 1973 in-

311 1995 558 2059 vestigare
587 1994 734 2044 docet
761 1992 838 2055 id,
880 1994 1019 2061 quod
1050 2008 1218 2045 revera
1247 1994 1524 2061 prophetae
1545 1994 1761 2048 viderint
1780 1994 2189 2062 autaudiverint,

310 2085 411 2121 non
442 2078 612 2121 autem
645 2070 768 2136 qnid
799 2070 902 2123 illis
935 2066 1327 2137 hieroglyphicis
1366 2072 1651 2137 significare
1687 2081 1778 2125 aut
1814 2083 2194 2139 repraesentare

310 2147 588 2206 voluerint,
576 2163 588 2175 ·
631 2146 726 2199 hoc
747 2148 882 2198 enim
903 2148 1139 2199 hariolari
1159 2162 1466 2215 possumuS‚
1507 2164 1609 2199 non
1632 2158 1801 2200 autem
1824 2164 1881 2201 ex
1901 2151 2193 2217 Scripturae
2270 2177 2278 2187 ³

311 2224 660 2276 fundamentis
697 2232 832 2275 certo
867 2225 1142 2277 deducere.
1234 2225 1320 2277 38.
1360 2212 1698 2289 Ostendimus
1734 2226 1905 2292 itaque
1942 2231 2193 2281 rationem

311 2301 676 2368 interpretandi
708 2290 1048 2368 Scripturar'n,
1092 2309 1141 2353 et
1167 2302 1326 2354 simul
1346 2292 1813 2355 demonstravimus
1835 2304 1966 2357 hanc
1987 2307 2193 2359 unicam

310 2386 360 2430 et
395 2380 659 2430 certiorem
697 2393 814 2430 esse
849 2380 982 2430 viam
1021 2379 1084 2430 ad
1123 2380 1237 2430 eius
1273 2395 1450 2432 verum
1496 2394 1709 2433 sensum
1753 2378 2187 2451 investigandum.

311 2457 491 2507 Fateor
511 2456 742 2521 quidem,
782 2470 872 2507 eos
892 2455 954 2507 de
975 2456 1155 2508 eodem
1177 2458 1419 2509 certiores
1438 2472 1573 2521 esse,
1612 2459 1657 2509 si
1679 2460 1925 2525 quisunt,
1968 2464 2058 2528 qui
2081 2476 2193 2513 cer-

311 2540 412 2587 tam
444 2532 556 2582 eius
587 2534 910 2585 traditionem
941 2534 1046 2584 sive
1075 2548 1242 2585 veram
1278 2534 1664 2601 explicationem
1692 2535 1757 2603 al)
1777 2537 1907 2603 ipsis
1930 2538 2189 2605 prophetis

311 2617 570 2675 acceptam
607 2608 826 2673 habent,
865 2618 924 2661 ut
948 2611 1208 2663 Pharisaei
1245 2618 1541 2675 autumant,
1582 2612 1661 2664 vel
1696 2615 1741 2665 si
1778 2616 1867 2680 qui
1896 2615 2191 2681 pontificem

310 2685 528 2748 habent,
571 2688 658 2752 qui
689 2688 821 2738 circa
850 2688 1319 2753 interpretationem
1349 2690 1836 2755 Scripturaeerrare
1870 2706 1971 2741 non
1998 2698 2189 2757 potest,

310 2762 448 2829 quod
471 2763 714 2814 Catholici
731 2764 949 2815 Romani
979 2765 1184 2815 iactant.
1259 2764 1345 2816 39.
1382 2764 1626 2817 Attamen
1655 2766 2072 2834 quandoquidem
2096 2783 2191 2820 nec

309 2842 373 2892 de
393 2840 487 2892 hac
510 2840 798 2905 traditione,
814 2856 909 2893 nec
929 2842 992 2893 de
1011 2840 1268 2907 pontificis
1288 2844 1587 2895 auctoritate
1604 2857 2024 2911 possumusesse
2043 2846 2186 2909 certi,

415 3028 456 3077 1)
495 3026 591 3069 vid.
615 3038 715 3082 cap.
737 3027 776 3067 2.
799 3029 840 3081 ς.
861 3030 928 3071 48.
951 3039 1051 3084 sqq.

411 3088 456 3136 2)
493 3086 592 3131 vid.
615 3098 718 3143 cap.
738 3089 780 3128 2.
