2548 3485
351 111 431 168 88
753 99 1144 156 ΤκΆοΤΔΤυε
1181 108 1837 156 Tnssonefflco-PouT.

349 292 429 357 id,
480 290 618 357 quod
653 291 796 341 Deus
830 287 937 340 vult
970 287 1077 338 sive
1115 287 1448 351 determinat,
1496 295 1753 340 aeternam
1790 291 2145 342 necessitatem
2182 296 2235 342 et

349 369 612 421 veritatem
635 365 906 417 involvere.
976 365 1030 415 8.
1069 363 1409 416 Ostendimus
1438 366 1576 416 enim
1594 380 1653 416 ex
1671 381 1761 428 eo,
1800 366 1939 432 quod
1958 367 2055 418 Dei
2076 367 2232 419 intel-

349 447 514 496 lectus
533 459 564 496 a
581 444 674 494 Dei
695 442 956 494 voluntate
975 455 1078 490 non
1100 440 1437 507 distinguitur
1450 481 1463 504 ‚
1495 441 1633 493 idem
1654 457 1749 494 nos
1768 442 2037 504 affirmare,
2070 459 2231 510 quum

351 523 574 576 dicimus
600 520 769 572 Deum
795 517 989 584 aliquid
1016 517 1172 580 veile,
1210 533 1268 570 ac
1298 534 1461 584 quum
1490 519 1741 582 dicimuS,
1778 521 1947 571 Deum
1978 518 2029 571 id
2058 522 2233 588 ipsum

349 599 661 664 intelligere;
703 611 862 662 quare
881 595 1059 646 eadem
1080 596 1385 647 necessitate
1400 635 1415 660 ,
1454 611 1558 662 qua
1578 611 1635 647 ex
1654 604 1833 647 natura
1854 603 1905 648 et
1922 597 2235 662 perfectione

351 677 523 729 divina
541 673 801 740 sequitur,
825 675 994 724 Deum
1013 685 1122 724 rem
1139 671 1365 738 aliquam
1380 711 1395 734 ,
1426 679 1483 724 ut
1502 679 1604 737 est,
1639 672 1916 738 intelligere
1932 712 1946 736 ,
1976 687 2034 724 ex
2052 675 2234 726 eadem

351 753 611 820 sequitur,
651 752 820 800 Deum
858 749 1103 813 eandem,
1142 756 1200 799 ut
1233 756 1339 810 est,
1379 749 1526 800 velle.
1600 751 1651 800 9.
1691 751 1869 814 Quum
1905 752 2232 802 autem-nihil

351 831 454 882 nisi
481 843 541 880 ex
567 827 678 879 solo
709 825 880 878 divino
906 826 1112 877 >decreto
1140 827 1434 877 necessario·
1458 840 1633 878 verum
1662 827 1763 888 sit,
1801 825 1921 877 hinc
1950 825 2235 880 clarissime

354 907 588 973 sequitur
601 944 615 967 ‚
637 905 776 969 leges
797 909 1006 954 naturae
1025 901 1341 954 universales
1361 917 1500 954 mera
1520 918 1635 954 esse
1655 903 1855 955 decreta
1872 903 1993 966 Dei,
2026 918 2157 969 quae
2176 920 2235 957 ex

353 983 658 1034 necessitate
701 989 752 1032 et
797 979 1106 1045 perfectione
1149 987 1359 1032 naturae
1396 980 1595 1031 divinae
1631 987 1941 1047 sequuntur.
2014 981 2071 1032 Si
2108 983 2235 1047 quid

352 1062 508 1128 igitur
539 1061 593 1110 in
623 1065 800 1112 natura
828 1058 1166 1123 contingeret,
1207 1059 1347 1123 quod
1378 1058 1491 1109 eius
1520 1057 1896 1111 universalibus
1924 1057 2125 1124 legibus
2153 1075 2237 1112 re-

351 1142 630 1206 pugnaret,
670 1134 723 1188 id
759 1134 962 1186 decreto
998 1141 1050 1184 et
1083 1134 1365 1186 intellectui
1402 1141 1453 1184 et
1479 1141 1689 1186 naturae
1716 1134 1915 1187 divinae
1945 1137 2233 1188 necessario

353 1216 506 1267 etiam
524 1218 855 1279 repugnarem
895 1217 982 1263 aut
999 1212 1044 1263 si
1065 1213 1184 1278 quis
1201 1219 1465 1273 statueret,
1501 1211 1670 1262 Deum
1690 1211 1886 1277 aliquid
1906 1219 2078 1264 eontra
2098 1215 2235 1279 leges

353 1299 564 1344 naturae
599 1304 776 1354 agere,
817 1290 864 1340 is
889 1288 1048 1340 simul
1083 1289 1234 1340 etiam
1266 1295 1531 1355 cogeretur
1566 1295 1819 1352 statuere,
1858 1291 2024 1341 Deum
2061 1297 2235 1358 contra

353 1383 504 1421 suam
529 1374 765 1419 naturam
791 1381 964 1431 agere:
1005 1380 1110 1431 quo
1139 1366 1264 1417 nihil
1294 1365 1594 1416 absurdius·
1665 1366 1809 1417 Idem
1840 1367 1993 1417 etiam
2014 1366 2159 1418 facite
2176 1382 2235 1418 ex

354 1446 452 1499 hoc
469 1451 648 1513 posset
667 1443 899 1505 ostendi,
939 1442 1078 1508 quod
1107 1443 1349 1494 nimirum
1372 1443 1597 1508 potentia
1616 1448 1826 1494 naturae
1844 1443 1911 1492 sit
1933 1443 2044 1508 ipsa
2063 1441 2234 1494 divina

354 1523 579 1590 potentia
599 1528 649 1573 et
667 1521 850 1583 virtuS,
872 1520 1044 1571 divina
1064 1527 1235 1570 autem
1256 1521 1481 1586 potentia
1500 1519 1569 1570 sit
1585 1519 1851 1584 ipsissima
1864 1519 1959 1569 Dei
1978 1521 2229 1579 essentia:

355 1601 447 1652 sed
485 1599 582 1649 hoc
615 1597 1091 1662 impraesentiarum
1129 1596 1373 1648 libentius
1410 1597 1643 1647 omino.-
1700 1596 1783 1646 10.
1821 1595 1954 1648 Nihil
1990 1596 2145 1661 igitur
2181 1596 2233 1646 in

356 1684 536 1728 natura
548 1676 600 1738 *)
632 1674 906 1738 contingit,
946 1671 1086 1739 quod
1113 1673 1283 1738 ipsius
1312 1673 1516 1738 iegibus
1540 1671 1916 1724 universalibus
1952 1680 2229 1738 repugnet:

357 1762 408 1807 at
426 1766 522 1805 nec
541 1754 692 1803 etiam
714 1751 908 1816 aliquid
924 1790 937 1813 ,
979 1752 1116 1816 quod
1146 1765 1265 1801 cum
1284 1752 1470 1803 iisdem
1490 1766 1593 1803 non
1614 1750 1847 1801 convenit
1864 1756 1953 1800 aut
1970 1764 2028 1801 ex
2043 1748 2231 1803 iisdem

359 1845 460 1883 non
479 1829 734 1896 sequitur.
805 1829 932 1879 Nam
954 1827 1200 1893 quicquid
1221 1827 1304 1890 fit,
1344 1843 1435 1893 per
1452 1830 1547 1879 Dei
1568 1828 1876 1879 voluntatem
1898 1834 1949 1878 et
1966 1834 2235 1879 aeternum

357 1910 618 1959 decretum
638 1904 714 1966 fit,
753 1904 848 1955 hoe
867 1911 962 1967 est,
1001 1906 1178 1955 utiam
1195 1906 1547 1969 ostendimus,
1588 1902 1837 1971 quicquid
1858 1902 1933 1965 fit,
1973 1904 2025 1955 id
2046 1918 2237 1957 secun-

357 1986 480 2036 dum
517 1983 657 2049 leges
681 1988 744 2033 -et
778 1982 1008 2049 regulas,
1049 1996 1180 2047 quae
1217 1990 1474 2036 aeternam
1511 1982 1865 2033 necessitatem
1898 1988 1949 2032 et
1975 1982 2235 2033 veritatem

355 2062 634 2123 involvunt,
658 2058 736 2111 fit.
811 2062 893 2111 11.
932 2060 1121 2111 Natura
1143 2060 1315 2126 itaque
1334 2060 1473 2125 leges
1494 2066 1544 2110 et
1563 2056 1787 2123 reguum,
1822 2072 1951 2122 quae
1972 2052 2235 2111 aeternam

359 2138 716 2190 necessitatem
743 2142 794 2186 et
819 2136 1078 2187 veritatem
1113 2136 1401 2197 involvunt,
1440 2136 1675 2201 quamvis
1706 2148 1883 2185 omnes
1914 2134 2063 2185 nobis
2084 2142 2235 2186 notae

355 2230 458 2268 non
480 2216 612 2278 sint,
645 2228 848 2279 semper
870 2220 1036 2264 tamen
1057 2211 1319 2274 observat,
1360 2212 1591 2277 adeoque
1611 2212 1761 2263 etiam
1782 2210 1937 2261 fixum
1956 2217 2113 2278 atque
2132 2212 2236 2263 im·-

357 2290 654 2343 mutahilem
677 2290 937 2351 ordinem;
977 2304 1069 2341 nec
1090 2289 1192 2339 ulla
1213 2303 1339 2341 sana
1358 2290 1483 2339 ratio
1502 2288 1705 2350 suadet,
1738 2294 1946 2339 naturae
1966 2288 2236 2339 limitatam

355 2368 636 2434 potentiam
666 2373 715 2418 et
733 2368 968 2419 virtutem
998 2366 1218 2417 tribuere
1236 2404 1249 2427 ,
1288 2368 1505 2432 eiusque
1533 2365 1673 2431 leges
1700 2365 1765 2417 ad
1794 2373 1927 2415 certa
1956 2371 2152 2416 tantum
2190 2376 2242 2417 et

359 2458 464 2495 non
491 2444 554 2494 ad
583 2444 754 2495 omnia
783 2451 928 2509 aptas
936 2481 954 2507 ,
997 2450 1238 2495 statuere.
1309 2444 1440 2495 Nam
1470 2458 1633 2509 quum
1654 2444 1813 2494 virtus
1832 2448 1883 2493 et
1900 2444 2125 2508 potentia
2146 2457 2241 2494 na-

359 2530 502 2573 turae
521 2521 592 2572 sit
612 2522 725 2586 ipsa
743 2522 838 2571 Dei
857 2522 1017 2572 virtus
1037 2527 1084 2571 et
1105 2521 1329 2586 potentia
1342 2558 1357 2581 ‚
1382 2519 1522 2586 leges
1541 2526 1713 2571 autem
1735 2526 1783 2569 et
1802 2520 2007 2583 regulae
2027 2526 2239 2572 naturae

357 2602 470 2666 ipsa
486 2598 582 2649 Dei
601 2596 830 2659 decreta,
864 2598 1074 2648 omuino
1093 2595 1405 2649 eredendum
1428 2604 1537 2659 est,
1577 2596 1858 2662 potentiam
1889 2604 2101 2648 naturae
2118 2596 2239 2647 infi-

359 2678 517 2728 nitam
539 2688 654 2725 esse
673 2674 890 2741 eiusque
908 2673 1046 2739 leges
1067 2674 1194 2725 adeo
1215 2674 1369 2735 lataS,
1408 2681 1467 2724 ut
1485 2673 1547 2724 ad
1578 2672 1777 2733 omnia,
1818 2686 1951 2738 quae
1970 2680 2021 2723 et
2037 2672 2101 2725 ab
2123 2675 2237 2739 ipso

359 2753 529 2805 divino
562 2749 822 2803 intellectu
858 2750 1242 2816 concipiuntur,
1284 2764 1342 2801 se
1378 2747 1664 2801 extendant.
1760 2749 1842 2804 12.
1893 2749 2039 2801 Alias
2062 2750 2229 2811 -enim,

359 2830 484 2893 quid
515 2829 654 2881 aliud
683 2828 952 2890 statuitur,
989 2841 1144 2893 quam
1173 2826 1311 2893 quod
1330 2828 1475 2879 Deus
1504 2833 1738 2877 naturam
1757 2826 1883 2877 adeo
1905 2828 2232 2892 impotentem

463 3014 502 3061 ⁸)
539 3013 632 3057 NB.
662 3027 738 3061 me
766 3015 842 3059 hic
860 3026 945 3070 per
961 3018 1193 3055 naturam
1213 3026 1305 3059 non
1326 3013 1584 3069 intelligere
1603 3014 1753 3059 solam
1774 3012 2016 3059 materiam
2038 3010 2236 3069 eiusque

364 3070 651 3128 affectiones,
672 3075 753 3117 sed
774 3080 959 3130 praeter
979 3074 1224 3120 materiam
1246 3074 1340 3119 alia
1360 3072 1559 3119 infinita.
1612 3072 1700 3131 Sp.
1722 3077 1742 3100 *
