2548 3485
354 163 389 222 .1
400 159 481 225 7ss
750 164 1142 216 raacwa'rus
1178 165 1836 218 Tnssonumco-POLIT.

356 345 570 413 indiget,
590 347 684 400 sed
703 353 878 400 eontra
898 346 962 400 de
981 347 1150 416 ipsius
1169 348 1445 417 splendore
1462 349 1723 408 adimitur,
1743 347 1954 416 quando
1974 347 2238 401 similibus

357 423 613 490 tigmentis
642 426 939 478 adornatur.
1014 428 1064 477 5.
1100 423 1174 477 At
1190 426 1388 490 dicent,
1427 429 1666 493 quamvis
1693 427 1772 478 lex
1800 428 1968 479 divina
1997 422 2242 478 cordibus

353 503 597 570 inscripta
618 505 713 566 sit,
752 503 1069 571 Scripturam
1097 502 1436 556 nihilominus
1463 505 1558 556 Dei
1585 517 1704 557 esse
1727 504 1971 568 verbum,
2010 503 2242 570 adeoque

354 594 457 631 non
480 581 641 646 magis
661 580 725 632 de
744 582 1005 648 Scriptura
1018 619 1033 644 ,
1074 595 1229 647 quam
1250 583 1314 633 de
1334 583 1428 633 Dei
1447 580 1600 635 verbo
1619 581 1788 635 dicere
1806 582 1956 636 licere
1971 621 1986 644 ,
2025 581 2241 633 eandem

354 661 639 709 truncatam
662 654 711 709 e't
731 657 1055 726 depravatam
1077 672 1213 710 esse.
1262 658 1458 711 Verum
1478 673 1571 725 ego
1592 666 1768 711 eontra
1785 673 1977 724 vereor,
1998 673 2065 710 ne
2083 659 2240 710 nimis

354 733 598 785 studeant
624 747 741 786 esse
769 735 962 798 sancti,
1000 741 1052 786 et
1080 735 1382 802 religionem
1412 736 1463 787 ln
1484 735 1904 804 superstitionem
1925 741 2236 798 convertant,

352 810 459 862 imo
478 824 543 862 ne
562 811 836 864 simulacra
855 820 907 864 et
922 813 1173 878 imagines
1186 852 1199 874 ,
1225 812 1322 866 hoc
1340 819 1420 864 est
1438 813 1662 865 chartam
1683 819 1734 866 et
1751 820 2094 867 atramentum
2110 851 2125 875 ,
2147 827 2242 880 pro

354 885 449 938 Dei
485 886 640 940 verbo
676 889 886 942 adorare
925 887 1193 956 incipiant.
1277 891 1329 942 6.
1365 891 1478 943 Hoc
1517 891 1649 953 scio,
1692 904 1776 942 me
1811 889 1940 942 nihil
1970 889 2240 956 indignum

354 963 617 1032 Scriptura
638 973 725 1018 aut
742 965 838 1018 Dei
856 965 1009 1019 verbo
1031 965 1240 1030 dixisse,
1264 968 1356 1033 qui
1377 967 1502 1018 nihil
1524 969 1813 1030 statuerim,
1843 966 1983 1033 quod
2004 982 2107 1020 non
2128 968 2240 1019 evi-

353 1041 674 1095 dentissimis
721 1043 1005 1096 rationibus
1051 1058 1225 1096 verum
1273 1058 1390 1096 esse
1436 1043 1892 1096 demonstraverim
1907 1083 1922 1106 ,
1961 1051 2010 1096 et
2045 1044 2142 1096 hac
2179 1044 2242 1096 de

354 1133 507 1170 causa
530 1120 680 1172 etiam
703 1129 839 1174 certo
861 1119 1110 1172 affirmare
1130 1122 1352 1189 possim,
1375 1135 1459 1174 me
1476 1121 1604 1174 nibil
1625 1122 1830 1185 dixisse,
1857 1121 1999 1188 quod
2019 1122 2239 1188 impium

354 1197 447 1259 sit,
488 1196 565 1249 vel
588 1198 727 1264 quod
750 1199 1065 1267 impietatem
1086 1198 1330 1251 redoleat.
1402 1201 1587 1251 Fateor
1603 1198 1848 1266 profanos
1868 1197 2123 1265 quosdam
2144 1198 2241 1250 ho-

353 1274 519 1326 mines
534 1315 549 1338 ,
590 1275 781 1342 quibus
803 1274 979 1342 religio
998 1289 1133 1328 onus
1152 1283 1231 1327 est
1245 1316 1259 1338 ,
1299 1290 1358 1328 ex
1377 1277 1457 1328 his
1477 1275 1742 1327 licentiam
1763 1275 2011 1343 peccandi
2031 1290 2240 1328 sumere

354 1361 539 1416 posse,
580 1360 629 1404 et
654 1354 767 1404 sine
797 1350 902 1405 ulla
932 1355 1156 1416 ratione,
1195 1352 1289 1405 sed
1323 1360 1520 1405 tantum
1561 1360 1617 1404 ut
1652 1349 1900 1420 voluptati
1937 1352 2238 1416 concedant,

354 1427 476 1480 hinc
496 1429 801 1482 concludere
814 1429 1131 1497 scripturam
1152 1429 1350 1496 ubique
1371 1445 1488 1482 esse
1507 1429 1810 1482 mendosam
1832 1429 2238 1494 etfalsificatam,

358 1512 407 1555 et
435 1514 814 1573 consequenter
840 1506 1036 1558 nullius
1066 1509 1217 1558 etiam
1246 1507 1582 1558 auctoritatis.
1657 1508 1709 1560 7.
1747 1507 1944 1560 Verum
1983 1504 2243 1560 similibus

354 1580 630 1635 subvenire
649 1581 976 1650 impossibile
996 1591 1075 1635 est
1092 1583 1383 1635 secundum
1403 1581 1530 1636 illud
1553 1585 1728 1637 tritum
1743 1623 1757 1648 ,
1800 1584 1940 1651 quod
1964 1583 2091 1637 nihil
2112 1583 2243 1636 adeo

355 1667 490 1710 recte
521 1660 624 1712 dici
644 1665 841 1726 potest,
882 1661 1009 1728 quin
1032 1660 1165 1711 male
1184 1661 1566 1728 interpretando
1585 1662 1752 1729 possit
1772 1661 2057 1730 depravari.
2135 1661 2245 1726 Qui

352 1735 700 1802 voluptatibus
721 1737 988 1804 indulgere
1012 1737 1207 1801 volunt,
1228 1737 1372 1790 facile
1396 1753 1606 1791 causam
1629 1752 1993 1807 quamcunque
2013 1739 2242 1793 invenire

353 1818 594 1879 possunt,
618 1830 713 1865 nec
734 1813 854 1866 olim
876 1817 929 1877 ii,
956 1817 1045 1881 qui
1069 1815 1182 1883 ipsa
1201 1816 1484 1882 originalia,
1510 1832 1678 1869 arcam
1703 1816 1943 1883 foederiS‚
1970 1818 2076 1869 imo
2095 1818 2240 1884 ipsos

353 1889 627 1956 prophetas
646 1899 696 1944 et
715 1892 974 1958 apostolos
995 1891 1271 1954 habebant,
1314 1893 1554 1945 meliores
1577 1893 1802 1956 fuerunt,
1843 1908 1936 1945 nec
1958 1896 2124 1961 magis
2143 1892 2240 1945 ob-

352 1974 717 2036 temperantes,
758 1968 849 2021 sed
870 1984 1052 2022 omnes
1074 1976 1177 2022 tam
1198 1970 1399 2035 Iudaei,
1440 1985 1595 2036 quam
1619 1970 1838 2037 gentiles
1857 1971 2238 2038 iidemsemper

352 2044 590 2107 fuerunt,
632 2053 683 2097 et
710 2048 759 2097 in
783 2048 922 2099 omni
944 2062 1066 2099 aevo
1089 2048 1249 2099 virtus
1271 2046 1558 2099 admodum
1579 2062 1689 2101 rara
1712 2048 1827 2099 suit.
1901 2048 1952 2099 8.
1993 2050 2236 2101 Attamen

354 2128 412 2173 ut
430 2136 637 2173 omnem
659 2138 919 2189 amoveam
942 2125 1246 2192 scrupulum
1264 2164 1279 2187 ,
1318 2124 1698 2176 ostendendum
1720 2125 1802 2177 hic
1829 2133 1908 2176 est
1923 2165 1938 2187 ,
1978 2139 2012 2191 q
2027 2140 2098 2177 ua
2133 2141 2238 2177 ra-

352 2198 528 2251 tione
565 2198 892 2267 Scriptura
932 2210 994 2253 et
1030 2216 1440 2267 quaecunque
1477 2216 1578 2254 res
1617 2208 1782 2254 muta
1819 2216 1997 2254 sacra
2034 2210 2095 2255 et
2132 2202 2237 2255 di-

351 2276 497 2327 vina
527 2276 653 2328 dici
688 2278 943 2339 debean
984 2278 1171 2331 deinde
1201 2279 1353 2345 quid
1384 2278 1472 2329 sit
1498 2294 1711 2331 revera
1744 2278 2158 2345 verbumDei‚
2191 2288 2241 2331 et

356 2352 495 2418 quod
535 2354 586 2404 id
622 2370 727 2407 non
763 2358 1086 2417 contineatur
1121 2358 1171 2406 in
1209 2363 1346 2406 certo
1377 2371 1592 2407 numero
1619 2354 1896 2420 librorum3
1937 2366 1986 2408 et
2014 2356 2237 2425 denique

354 2430 777 2498 scripturam,
819 2442 1135 2499 quatenus
1174 2446 1241 2483 ea
1281 2431 1464 2484 docet
1498 2446 1656 2498 quae
1693 2433 1766 2484 ad
1805 2432 2240 2487 obedientiam

354 2512 413 2557 et
449 2507 725 2559 salutem
765 2511 1129 2562 necessaria
1167 2516 1323 2561 suut
1343 2549 1356 2572 ,
1399 2524 1521 2561 non
1557 2510 1854 2577 potuisse
1893 2512 2238 2577 corrumpi.

352 2582 483 2636 Nam
514 2599 573 2637 ex
600 2586 683 2657 his
710 2586 853 2637 facile
880 2589 1246 2653 uuusquisque
1277 2586 1503 2639 iudicare
1530 2587 1738 2653 poterit,
1780 2600 1877 2637 nos
1909 2587 2036 2640 nihil
2066 2597 2238 2641 contra

352 2661 449 2713 Dei
468 2662 679 2714 verbum
702 2662 918 2724 dixisse,
960 2678 1056 2715 uec
1075 2662 1237 2715 ullum
1261 2662 1434 2715 locum
1454 2664 1700 2732 impietati
1723 2662 1955 2717 dedisse.

457 2740 509 2791 9.
556 2738 616 2790 Id
652 2754 863 2791 sacrum
901 2746 955 2791 et
982 2740 1215 2793 divinum
1251 2748 1490 2807 vocatur,
1528 2738 1670 2806 quod
1711 2740 1886 2807 pietati
1924 2748 1972 2792 et
2007 2742 2238 2809 religioni

354 2816 664 2869 exercendae
685 2816 1001 2869 destinatum
1021 2824 1128 2879 est,
1170 2823 1345 2869 ettam
1368 2817 1459 2869 diu
1482 2824 1677 2869 tantum
1697 2832 1904 2871 sacrum
1927 2820 2046 2883 erit,
2080 2833 2234 2885 quam

356 2890 445 2944 diu
471 2893 709 2955 homines
738 2908 800 2947 eo
829 2892 1067 2961 religiose
1096 2900 1336 2947 utuntur.
1410 2895 1558 2960 Quod
1581 2894 1625 2947 si
1644 2894 1716 2962 pil
1737 2909 1853 2949 esse
1883 2895 2150 2959 desinant,
2187 2904 2237 2947 et

358 2968 413 3019 id
432 2970 584 3021 etiam
606 2970 765 3022 simul
795 2986 997 3023 sacrum
1030 2985 1147 3023 esse
1174 2970 1403 3034 desinet;
1440 2980 1492 3025 at
1518 2972 1562 3024 si
1589 2973 1728 3025 idem
1749 2972 1814 3024 ad
1834 2987 1916 3045 res
1935 2972 2119 3039 impias
2138 2986 2236 3038 pa-

356 3045 563 3097 trandas
582 3045 837 3110 dedicent,
879 3056 989 3099 tum
1009 3048 1062 3100 id
1084 3050 1276 3117 ipsum,
1303 3049 1444 3115 quod
1463 3058 1612 3102 autea
1629 3063 1836 3103 sacrum
1856 3056 1982 3111 erat,
2003 3050 2237 3101 immun-

358 3120 483 3171 dum
512 3128 563 3174 et
588 3122 860 3191 profanum
892 3124 1153 3179 reddetur.
1228 3126 1312 3177 1⁰.
1348 3127 1442 3179 Ex.
1474 3142 1553 3195 gr.
1585 3127 1730 3181 locus
1759 3126 1971 3194 quidam
1997 3140 2028 3178 a
2047 3123 2236 3179 Iacobo
