2548 3485
316 153 434 214 148
712 159 1105 206 Tnac‘raws
1141 157 1799 210 mamerco-pour.

311 337 559 390 lectiones
580 338 623 390 si
629 351 728 405 goa
750 339 1278 408 profundissimorum
1297 339 1658 406 mysteriorum
1677 353 1792 392 esse
1809 337 2010 390 dieunt.
2047 336 2192 390 Idem

313 416 377 466 de
397 416 684 467 asterismis
698 457 711 479 ,
752 419 842 484 qui
866 419 916 469 in
938 417 1110 470 medio
1130 417 1450 486 paragrapho
1469 419 1538 473 28
1559 417 1827 481 habentur,
1852 415 2190 476 contendunt,

310 493 416 550 imo
436 494 488 544 in
508 493 638 561 ipsis
657 495 897 560 apicibus
916 495 1180 549 literarum
1202 509 1388 561 magna
1408 509 1593 548 areana
1614 493 1882 546 contineri.
1930 493 2016 546 34.
2039 492 2193 555 Quod

311 585 437 622 sane
466 585 531 622 an
562 587 620 624 ex
646 572 863 623 stultitia
894 578 945 622 et
970 573 1096 624 anili
1126 573 1426 635 devotione,
1468 586 1532 625 an
1563 579 1735 624 autem
1757 585 1814 624 ex
1833 571 2122 636 arrogantia
2145 578 2196 622 et

311 647 533 713 malitia,
574 656 635 700 nt
666 649 765 700 Dei
803 661 988 701 arcana
1027 649 1126 701 soli
1161 649 1352 701 habere
1391 649 1747 713 crederentur,
1789 648 1914 701 haee
1949 649 2191 709 dixerint,

310 727 513 787 nescim
552 726 649 778 hoe
676 726 861 779 saltem
890 728 1023 788 seio,
1068 742 1150 779 me
1192 726 1324 778 nibil
1361 727 1501 793 quod
1533 740 1777 778 areanum
1805 725 2060 790 redoleat,
2101 724 2193 777 sed

309 810 509 854 tantum
526 803 754 870 pueriles
776 806 1115 870 cogitationes
1132 803 1269 871 apud
1289 805 1418 855 istos
1437 804 1644 870 legisse.
1720 804 1845 868 Legi
1865 804 2020 855 etiam
2040 810 2092 853 et
2111 804 2196 856 in-

310 893 469 946 super
487 880 604 931 novi
626 890 903 947 nugatores
921 881 1123 948 aliquos
1142 880 1496 943 Kabbalistas‚
1535 895 1756 946 quorum
1778 881 2032 932 insaniam
2052 895 2194 931 nun-

311 971 469 1022 quam
490 957 663 1010 mirari
685 961 811 1010 satis
830 959 993 1026 potui.
1066 959 1153 1010 35.
1193 958 1347 1021 Quod
1368 966 1540 1010 autem
1565 957 1782 1010 mendae
1797 996 1810 1017 ,
1849 957 1926 1008 uti
1947 957 2189 1021 diximus,

309 1035 628 1100 irrepserint,
650 1036 916 1088 neminem
934 1036 1049 1088 sani
1068 1036 1247 1088 iudicii
1267 1034 1504 1086 dubitare
1523 1033 1695 1098 eredo,
1720 1035 1809 1100 qui
1829 1041 2022 1086 textum
2041 1034 2192 1088 illum

312 1111 457 1163 Sauli
488 1110 671 1178 (quem
700 1114 803 1164 iam
832 1129 891 1166 ex
919 1112 1042 1166 libr.
1066 1115 1115 1165 1.
1138 1113 1365 1166 Samuel.
1391 1111 1613 1180 eap.13.
1643 1126 1691 1164 v.
1714 1113 1798 1165 11.
1827 1111 2194 1180 allegavimus)

310 1187 451 1252 legit,
474 1196 526 1239 et
544 1190 695 1241 etiam
714 1205 848 1244 vers.
868 1193 924 1245 2.
946 1205 1061 1257 cap.
1076 1191 1126 1242 e.
1149 1190 1374 1242 Samuel.
1398 1188 1518 1241 libr.
1533 1189 1586 1240 2.
1610 1183 1824 1256 nempe}
1864 1187 1944 1239 Et
1954 1192 2195 1240 uer-rexit

310 1269 365 1314 et
380 1266 483 1316 ivit
497 1266 683 1318 David
695 1274 749 1318 et
766 1271 934 1320 omnia
956 1267 1185 1335 populus·
1196 1307 1209 1330 ,
1249 1269 1345 1334 qui
1373 1269 1480 1333 ipsi
1502 1265 1693 1317 aderat
1709 1282 1781 1316 ex
1797 1265 1930 1317 Iuda
1942 1305 1957 1328 ,
1995 1272 2058 1318 ut
2073 1267 2194 1318 inde

311 1343 594 1408 auferrent
618 1361 801 1396 aream
818 1346 941 1396 Dei.
1016 1347 1179 1397 Nemo
1209 1344 1293 1395 hie
1312 1345 1470 1395 etiam
1492 1356 1594 1394 non
1615 1342 1784 1394 videre
1800 1351 1980 1410 ‚potest
1996 1343 2188 1408 locum,

311 1434 415 1486 qno
436 1421 645 1486 iverant,
676 1436 863 1488 nempe
882 1421 1051 1487 Kirjat
1069 1421 1292 1472 leharim
1309 1422 1378 1484 ι),
1410 1419 1550 1471 unde
1571 1434 1740 1472 aream
1763 1420 2044 1483 auferrent,
2077 1435 2191 1474 esse

312 1499 587 1549 omissum.
662 1499 749 1550 36.
786 1499 894 1550 Nec
914 1500 1068 1550 etiam
1091 1511 1280 1563 negare
1298 1511 1598 1564 possumne,
1622 1496 1762 1563 quod
1783 1511 1830 1548 v.
1853 1497 1938 1549 37.
1964 1511 2078 1566 cap.
2109 1499 2190 1550 13.

312 1575 454 1626 Sam.
485 1573 607 1626 libr.
628 1577 680 1629 2.
712 1573 1044 1641 perturbatus
1072 1582 1123 1627 et
1150 1580 1418 1626 truncatus
1445 1575 1541 1636 sit,
1581 1573 1811 1626 scilicet=
1851 1573 1928 1626 Et
1943 1575 2194 1626 Abantem

294 1652 463 1717 sug-ie
488 1654 691 1718 ivitque
717 1651 791 1702 ad
812 1650 1172 1702 Ptolemaeum
1191 1651 1378 1718 filium
1405 1650 1674 1702 Hamihud
1698 1665 1879 1716 regem
1909 1649 2102 1716 Gom,
2144 1657 2199 1704 et

312 1728 643 1797 luoeitfilium
660 1744 813 1779 mum
834 1729 1069 1779 omnibus
1088 1728 1288 1794 diebus,
1312 1733 1368 1779 et
1381 1727 1799 1795 Ahalam-fugit
1814 1730 2016 1795 ivitque
2029 1727 2198 1781 Germ·

312 1809 611 1873 mansitque
628 1807 709 1857 ibi
726 1810 835 1857 crea
852 1820 1016 1857 amtor
1026 1806 1102 1874 ²).
1174 1808 1241 1858 Et
1269 1805 1336 1857 ad
1357 1804 1496 1857 hune
1514 1804 1726 1858 modum
1747 1805 1856 1858 seio
1877 1820 1960 1859 me
1977 1808 2196 1861 antehae

416 1994 458 2046 1)
495 1988 665 2049 Kirjat
690 1988 931 2047 leghem-im
958 1998 1152 2039 vocatur
1179 1992 1322 2038 etiam
1349 1991 1526 2048 Babgal
1556 1992 1759 2050 lehuda3
1796 1992 1920 2037 unde
1939 1992 2121 2039 Kimehi
2150 1998 2196 2037 et

312 2051 394 2098 alii
414 2059 602 2111 putant,
621 2051 826 2109 Bahgale
847 2053 1023 2097 lebuda
1039 2086 1052 2109 ,
1072 2052 1196 2109 quod
1218 2052 1296 2098 bie
1315 2052 1529 2098 transtuli
1551 2065 1610 2094 ex
1623 2050 1809 2107 populo
1827 2050 2002 2110 Iudae,
2022 2064 2192 2098 nomen

314 2142 419 2176 esse
438 2130 613 2187 oppidi.
669 2129 756 2175 Sed
779 2129 1030 2188 falluntur3
1067 2130 1179 2187 quia
1206 2101 1372 2202 '‘J-323
1397 2128 1590 2184 pluralis
1613 2134 1685 2174 eat
1702 2129 1900 2173 numeri.
1955 2128 2135 2174 Deinde
2152 2128 2194 2174 si

315 2216 392 2261 hie
412 2214 648 2261 Samuelis
668 2221 819 2261 textus
840 2226 946 2260 cum
967 2227 1023 2260 eo
1038 2248 1049 2269 ,
1072 2216 1153 2271 qui
1173 2223 1245 2261 est
1263 2204 1436 2259 in'libr.
1458 2216 1498 2257 1.
1519 2213 1721 2269 Paralip.
1744 2216 1807 2267 (e.
1828 2214 1895 2255 ta.
1914 2227 1956 2258 v.
1975 2216 2055 2267 5.),
2077 2224 2193 2259 eon-

315 2276 517 2326 ieratur,
536 2274 800 2321 videbimus
812 2308 825 2329 ,
849 2274 973 2330 quod
994 2274 1139 2319 David
1160 2286 1253 2320 non
1272 2274 1526 2319 surrexerit
1544 2281 1590 2319 et
1609 2274 1798 2320 exiverit
1815 2286 1870 2319 ex
1887 2272 2066 2331 Bahgal
2078 2306 2092 2329 ,
2111 2273 2195 2319 aed

315 2336 440 2392 quod
462 2346 517 2380 eo
536 2335 686 2379 iverit.
741 2333 919 2391 Quodsi
939 2340 1103 2379 auctor
1123 2332 1354 2379 Samuelis
1373 2333 1480 2379 libri
1501 2335 1657 2379 loeum
1677 2332 1844 2379 saltem
1865 2333 2074 2379 indicare
2091 2338 2196 2379 atu-

314 2394 484 2448 duerit,
503 2395 626 2439 unde
645 2393 791 2438 David
812 2405 969 2440 aream
991 2394 1202 2447 abstulit,
1223 2400 1322 2437 tum
1343 2399 1394 2436 ut
1407 2393 1638 2439 Hebraico
1655 2392 1700 2437 lo
1738 2398 1943 2450 tueretur,
1962 2393 2031 2439 aie
2049 2393 2198 2440 dixis-

314 2460 409 2501 set:
431 2453 493 2497 Ec
511 2452 720 2497 surrexit
740 2458 784 2495 et
799 2452 1057 2510 profectus
1076 2458 1146 2495 est
1156 2451 1316 2496 David
1333 2458 1420 2499 etc.
1441 2465 1500 2494 ex
1510 2450 1703 2509 Bahgal
1737 2453 1876 2504 udae,
1894 2456 1938 2495 et
1957 2452 2066 2497 indo
2085 2451 2197 2497 aba·

314 2513 429 2557 tulit
449 2526 613 2557 aream
634 2512 735 2558 Dei.
792 2512 877 2568 Sp.

416 2594 463 2645 2)
492 2590 655 2638 Gallus
674 2592 901 2648 interpres
922 2590 1015 2637 alio
1035 2590 1246 2646 exemplo
1259 2590 1488 2645 Spinozae
1503 2596 1620 2635 usus
1641 2589 1758 2635 haec
1777 2590 1914 2634 add-2
1937 2589 2099 2645 „ceux
2116 2590 2198 2648 qui

315 2666 369 2699 se
396 2659 505 2699 sont
530 2651 677 2698 meles
706 2652 763 2696 de
791 2657 1080 2697 commentor
1107 2662 1161 2695 ce
1189 2652 1335 2703 text‘e,
1372 2649 1487 2694 l’ont
1516 2649 1696 2705 corrige
1723 2649 1784 2694 de
1810 2654 1930 2695 eette
1951 2656 2101 2695 sorte:
2137 2650 2198 2692 [ct

315 2712 539 2756 Abmlom
558 2711 763 2769 a’ensuit
781 2716 827 2753 et
846 2724 893 2752 ae
912 2710 1063 2753 ratim
1083 2708 1194 2753 cltea
1211 2708 1421 2751 Ptole'me'
1438 2708 1528 2765 fila
1547 2706 1842 2752 aeflamihua
1860 2709 1934 2752 roi
1951 2711 2008 2755 da
2031 2709 2198 2759 Gerar,

316 2771 377 2815 οὺ
404 2772 444 2815 il
468 2775 692 2816 demeum
722 2771 837 2813 troia
858 2784 971 2823 ana,
1010 2778 1057 2813 et
1076 2770 1233 2813 David
1252 2770 1430 2825 plevem
1457 2782 1540 2811 aon
1559 2766 1649 2824 fila
1670 2772 1776 2809 tout
1795 2768 1838 2811 le
1867 2773 2046 2825 tempu,
2113 2769 2203 2811 ιιίἸ

306 2830 402 2893 sut
423 2830 454 2873 ὁ
476 2831 642 2876 Gerar.
698 2832 816 2878 Mais
844 2832 885 2877 si
908 2832 1023 2877 e'est
1048 2829 1095 2874 la
1115 2840 1169 2875 ee
1188 2840 1282 2885 que
1300 2828 1394 2874 l'on
1415 2828 1599 2886 appelle
1620 2829 1922 2886 interpreter,
1953 2835 2000 2874 et
2024 2830 2079 2875 s'i
2127 2834 2198 2873 eat

317 2894 491 2950 permis
511 2894 568 2938 de
585 2905 640 2939 se
658 2892 838 2938 donner
855 2896 978 2937 eette
1004 2891 1181 2935 lieenee
1208 2890 1325 2933 dans
1353 2889 1648 2944 l’exposition
1677 2888 1735 2933 de
1763 2888 2036 2944 l’Eeriture,
2067 2894 2114 2934 et
2140 2888 2197 2933 de

318 2960 587 3007 transposui·
613 2954 671 2998 de
698 2952 743 2998 la
771 2958 897 2997 sorte
926 2952 1009 2996 des
1038 2949 1233 3006 phrases
1261 2954 1366 2993 tout
1383 2950 1610 3005 entierea,
1638 2948 1808 2995 seiten
1827 2946 2038 3005 ajoutant
2055 2959 2118 2993 ou
2137 2958 2197 2992 en

316 3011 619 3057 retranebant
634 3011 839 3069 quelque
858 3012 1018 3061 ebose,
1034 3010 1221 3064 j'avoue
1239 3006 1354 3064 qu’il
1375 3016 1446 3054 est
1463 3009 1639 3066 permis
1659 3009 1718 3053 de
1737 3018 2006 3063 corrompre
2025 3006 2194 3052 l’Eeri-

317 3076 423 3174 {ure
442 3076 489 3115 et
506 3072 563 3116 de
583 3072 647 3116 lui
668 3072 847 3117 donner
861 3081 1045 3116 comme
1064 3068 1093 3112 a
1114 3080 1176 3111 un
1197 3079 1422 3114 moreeau
1442 3069 1500 3114 de
1521 3070 1616 3114 cire
1637 3074 1800 3113 autaut
1817 3068 1875 3112 de
1894 3067 2194 3125 formes,que

338 3130 414 3174 ’on
432 3129 663 3176 voudra.“
