2548 3485
389 162 509 222 154
784 164 1176 211 ‘raac‘ra'rus
1213 163 1872 212 rumnoorco-rou‘r.

385 346 470 399 61.
510 344 724 397 th'orte
737 343 795 396 id
809 357 876 396 ex
893 344 1052 396 animi
1076 343 1367 396 sineeritnte
1378 343 1643 407 fecerunt,
1674 344 1815 410 quod
1828 341 2264 412 posteris-Biblia,

381 430 500 474 utut
515 422 581 474 ab
600 423 730 489 ipsis
747 423 801 472 in
817 423 1000 488 paucis
1023 419 1361 488 originalibus
1380 422 1585 474 inventa
1610 420 1807 473 fuerint
1818 459 1834 485 ‚
1872 421 2071 474 tradere
2088 421 2269 474 volue-

383 507 529 564 runt,
565 505 727 566 atque
747 498 1076 565 originalium
1097 498 1469 566 discrepantias
1490 503 1665 551 notare
1678 537 1695 560 ,
1732 512 1837 551 non
1858 499 2071 565 quidem
2089 505 2149 550 ut
2166 497 2269 550 du-

381 578 492 630 bias
505 617 520 640 ‚
560 577 657 630 sad
677 582 736 628 ut
754 577 918 628 varias
937 575 1209 636 tectionem
1249 590 1346 628 nec
1364 590 1457 642 ego
1475 575 1688 628 easdem
1706 575 1897 628 dubias
1925 575 2095 628 vocavi
2109 612 2125 638 ,
2163 575 2267 628 nisi

381 657 506 722 quia
525 667 696 707 revera
715 647 821 704 t'er‘e
840 665 1022 704 omnes
1041 652 1170 704 tales
1190 654 1391 718 reperio
1403 691 1418 715 ‚
1456 659 1517 704 ut
1536 654 1749 705 minime
1774 655 1940 706 seiam
1954 691 1971 716 ‚
2008 666 2266 719 quaenam

381 747 504 800 prae
521 731 620 785 alia
639 733 708 783 sit
727 728 1010 798 probanda.
1083 731 1170 784 62.
1207 731 1445 796 Denique
1466 737 1664 797 praeter
1686 729 1881 782 dubias
1910 729 2003 784 bas
2020 730 2266 782 lectiones

379 816 688 862 notaverunt
705 809 920 874 insuper
937 804 1136 858 scribae
1155 811 1396 873 (vacuum
1418 808 1647 875 spatium
1664 808 1721 860 in
1736 807 1921 860 mediis
1932 806 2268 875 paragraphis

379 884 776 953 interponendo)
801 884 952 951 plura
980 883 1093 936 loen
1123 890 1385 947 truncata,
1424 898 1647 950 quorum
1674 897 1953 938 numerum
1976 886 2267 940 Masei-otae

379 964 618 1024 tradunt3
658 969 934 1014 numerant
959 961 1155 1013 seilicet
1179 961 1357 1027 viginti
1384 969 1499 1014 octo
1525 961 1637 1014 loea
1652 998 1667 1024 ,
1706 961 1798 1016 ubi
1826 965 1881 1016 iu
1910 961 2081 1016 medio
2108 975 2265 1028 para·-

381 1040 575 1107 grapbo
601 1040 830 1106 spatium
860 1051 1080 1091 vaenum
1107 1038 1481 1105 interponitur3
1520 1039 1695 1091 neseio
1712 1053 1779 1092 an
1800 1042 1957 1092 etiam
1974 1039 2031 1092 in
2049 1052 2267 1091 numero

380 1117 590 1184 aliquod
611 1117 914 1183 mysterium
932 1114 1088 1166 latere
1108 1114 1343 1167 credunt.
1418 1115 1581 1182 Spatii
1601 1123 1771 1168 autem
1792 1125 1987 1170 certam
2006 1116 2267 1186 quantita-

381 1202 486 1246 tem
523 1195 761 1260 religiose
799 1191 1075 1244 observant
1110 1191 1395 1244 Pharisaei.
1486 1193 1573 1246 63.
1614 1194 1813 1248 Horum
1852 1192 2141 1260 exemplum
2180 1192 2269 1258 (ut

381 1286 545 1323 unum
569 1269 829 1338 adferam)
859 1269 1078 1321 babetur
1095 1271 1149 1320 in
1167 1270 1362 1322 Genes.
1384 1283 1500 1336 cap.
1522 1273 1575 1322 4.
1596 1285 1645 1322 v.
1668 1271 1744 1334 8.‚
1783 1273 1874 1338 qui
1893 1271 1972 1323 sie
1992 1269 2262 1323 scribitur:

380 1349 454 1400 Et
483 1349 627 1399 dimit
650 1348 792 1400 [fain
809 1346 1194 1413 Habelisratn‘
1215 1362 1313 1398 suo
1346 1383 1361 1398 .
1385 1382 1401 1398 .
1424 1382 1441 1398 .
1465 1383 1481 1399 .
1510 1351 1565 1397 at
1592 1352 1851 1414 contigit,
1889 1349 2013 1400 dum
2040 1352 2195 1400 erant
2210 1350 2266 1398 in

381 1441 566 1493 campo
581 1465 595 1489 ,
635 1431 698 1476 ut
713 1425 855 1476 Isain
873 1429 974 1476 ete.
993 1464 1007 1487 ‚
1044 1423 1136 1476 ubi
1155 1425 1381 1490 spatium
1402 1423 1713 1490 relinquitur
1730 1441 1978 1488 vacuum,
2016 1423 2107 1476 ubi
2136 1425 2265 1475 scire

381 1501 808 1568 expectabamus,
849 1501 975 1567 quid
1005 1499 1057 1552 id
1085 1499 1266 1562 fuerit,
1310 1500 1450 1566 quod
1478 1502 1613 1551 Kain
1645 1501 1784 1554 fratri
1812 1503 2025 1554 dixerat.
2096 1501 2164 1552 Et
2200 1500 2266 1552 ad

380 1580 522 1632 hune
549 1580 761 1632 modum
793 1577 1022 1646 (praeter
1050 1577 1136 1628 illa
1168 1591 1301 1643 quae
1331 1578 1433 1629 iam
1464 1579 1784 1648 notavimus)
1812 1594 1843 1630 a
1872 1577 2056 1632 scribis
2092 1577 2266 1629 relicta

383 1658 559 1722 viginti
597 1665 710 1708 octo
751 1655 1103 1722 reperiuntur3
1155 1668 1374 1718 quorum
1415 1662 1584 1706 tamen
1624 1656 1787 1708 multa
1825 1670 1929 1707 non
1966 1662 2269 1724 apparerent

383 1740 613 1786 truncata
627 1774 642 1796 ,
681 1733 784 1785 nisi
805 1733 1030 1800 spatium
1051 1731 1375 1785 interiectum
1397 1741 1554 1786 esset.
1628 1732 1732 1787 Sed
1752 1732 1816 1787 de
1834 1733 1920 1787 his
1940 1735 2086 1787 satiS.

435 1954 612 2019 CAP.
657 1956 742 2019 X.
833 1956 1074 2037 Reliqui
1121 1956 1361 2019 Veteris
1408 1956 1777 2021 Testamenti
1822 1956 1954 2021 libri
1999 1957 2213 2019 eodem

729 2051 908 2113 modo
946 2071 1063 2131 quo
1099 2053 1445 2133 superiores
1478 2053 1909 2115 examinantur.

479 2215 707 2267 Transeo
733 2212 800 2267 ad
827 2214 1056 2279 reliquos
1076 2213 1279 2266 Veteris
1296 2215 1615 2267 Testamenti
1637 2213 1814 2267 libros.
1888 2214 1959 2267 At
1976 2214 2041 2266 de
2062 2212 2267 2265 duobus

380 2291 823 2359 Paralipomenon
850 2289 974 2342 nihil
1005 2290 1128 2341 certi
1159 2297 1210 2342 et
1238 2290 1379 2356 quod
1404 2304 1589 2357 operae
1608 2293 1828 2359 pretium
1848 2294 1941 2357 sit,
1982 2288 2266 2342 notandum

378 2367 576 2428 habeo,
616 2370 719 2419 nisi
749 2366 890 2434 quod
919 2367 1117 2418 dudum
1145 2373 1266 2433 post
1296 2368 1543 2431 Hezram,
1584 2376 1634 2420 et
1661 2368 1791 2421 forte
1809 2376 2086 2435 postquam
2106 2368 2266 2417 ludas

378 2443 726 2496 machabaeus
751 2444 1004 2511 templum
1023 2444 1410 2512 restauravit*),
1434 2445 1613 2512 scripti
1630 2445 1861 2498 fuerunt.
1933 2445 2063 2497 Nam
2083 2458 2199 2511 cap.
2212 2445 2263 2495 9.

481 2614 520 2666 ‘)
557 2613 718 2657 Oritur
749 2612 824 2657 hie
849 2612 1056 2669 suspicio
1085 2612 1339 2669 (siquidem
1366 2614 1573 2668 suspicio
1602 2614 1691 2658 diei
1720 2619 1901 2670 potest,
1940 2614 2066 2671 quod
2087 2619 2266 2657 eertum

380 2674 477 2725 est)
506 2685 562 2717 ex
589 2672 866 2717 deductione
897 2672 1198 2729 genealogiae
1228 2674 1351 2729 regis
1382 2673 1659 2729 lectionum,
1698 2686 1820 2732 quae
1858 2675 2057 2718 traditur
2093 2686 2195 2729 oap.
2223 2674 2264 2716 ³.

379 2732 486 2777 libr.
510 2735 546 2775 ¹.
572 2732 726 2779 Paral.
748 2734 812 2787 (v.
836 2732 900 2775 1¹1.
923 2734 1048 2788 sqq.)
1070 2739 1118 2777 et
1136 2732 1409 2788 producitur
1426 2745 1576 2792 usque
1595 2732 1652 2776 ad
1676 2731 1797 2778 filios
1818 2733 2137 2791 Elghogenaei
2152 2765 2165 2785 ,
2187 2732 2267 2789 qui

379 2793 548 2838 decimi
571 2792 691 2837 tertii
713 2792 774 2837 ab
795 2803 852 2837 eo
873 2797 1029 2847 erant;
1061 2798 1106 2836 et
1126 2792 1409 2844 notandum,
1440 2794 1567 2849 quod
1589 2792 1835 2837 lechonias
1857 2794 1968 2849 iste,
1992 2804 2099 2837 cum
2122 2793 2164 2835 ei
2185 2801 2267 2836 ca-

381 2859 515 2897 tenae
552 2853 752 2897 iniectae
787 2858 922 2907 sunt,
959 2850 1138 2897 liberos
1177 2864 1270 2896 non
1310 2852 1543 2909 babebat,
1582 2854 1661 2898 sed
1690 2853 1899 2907 videtur,
1938 2852 2062 2909 quod
2091 2851 2267 2896 liberos

380 2912 427 2973 in
463 2924 654 2959 carcere
690 2912 903 2970 genuerit
938 2909 1084 2962 (Gall.
1127 2911 1289 2969 „qu'il
1326 2924 1384 2957 en
1420 2919 1503 2958 eut
1528 2914 1648 2958 deux
1676 2914 1791 2957 dans
1824 2912 1869 2957 la
1898 2912 2123 2967 prison“‚
2162 2910 2265 2955 soil.

380 2962 694 3065 beg'nssjgoel
715 2991 745 3033 i.
767 3001 808 3034 e.
839 2989 991 3034 Deum
1020 2989 1206 3047 rogavi,
1247 2997 1296 3035 et
1325 2961 1583 3061 05⁵2&ss
1606 2991 1636 3033 i.
1659 3002 1701 3035 e.
1731 3002 1812 3034 rex
1839 2988 2007 3043 altus),
2037 2995 2266 3045 quantum

381 3082 440 3139 ⁰¹.
463 3061 759 3130 nominibus,
797 3085 922 3131 quae
950 3074 1007 3118 iis
1045 3074 1196 3131 dedit,
1237 3050 1481 3120 conficere·
1509 3054 1633 3121 lieet.
1686 3076 1743 3119 Αι
1780 3079 1997 3130 nepotes,
2036 3079 2266 3128 quantum

382 3135 522 3175 etnam
541 3142 596 3176 ex
616 3144 777 3178 eorum
797 3133 1068 3179 nominibus
1088 3134 1326 3180 eoniioere
1354 3133 1489 3190 lieet,
1519 3134 1743 3180 habuisse
1772 3133 1977 3190 videtur,
2016 3139 2265 3189 postquam
