2548 3485
263 122 267 128 ¹
317 154 440 217 196
716 154 1108 207 'rnac‘ra'rus
1145 160 1803 207 'rnnonootco-Pomw.

315 337 395 390 vel
417 340 822 405 supranaturalis
839 341 925 393 sit.
999 340 1086 395 32.
1122 341 1266 393 Haec
1288 348 1337 392 et
1356 338 1578 403 similia,
1616 339 1857 405 inquam,
1898 336 2026 389 nihil
2048 334 2197 389 refert

313 414 366 468 in
399 424 635 484 respectu
663 416 810 481 fidei,
854 432 958 485 qua
988 412 1871 483 ratione·unusquisque‘intelligau
1914 413 2195 466 dummodo

313 492 442 545 nihil
461 508 582 546 eum
601 494 655 546 ln
674 494 831 548 finem
853 496 1145 559 concludat,
1159 502 1220 555 ut
1239 496 1483 547 maiorem
1506 494 1765 547 licentiam
1787 493 1851 545 ad
1874 493 2195 560 peccandum

312 578 504 633 sumat,
525 572 603 623 vel
626 578 681 624 ut
696 574 876 643 minus
896 572 982 625 fiat
999 573 1109 626 Deo
1127 571 1517 640 obtemperans;
1550 571 1788 639 quinimo
1800 570 2193 637 unusquisque,

311 648 491 699 utiam
511 662 669 717 supra
691 651 917 703 diximus
937 652 1019 719 ¹),
1057 650 1183 702 haec
1201 649 1321 703 fidei
1343 650 1579 717 dogmata
1600 648 1665 701 ad
1684 661 1839 700 suum
1869 656 2076 713 captum
2108 661 2197 698 ac-

313 725 641 778 commodare
669 734 900 791 tenetur,
937 742 1104 795 eaque
1133 728 1237 780 sibi
1267 743 1328 780 eo
1367 720 1521 779 modo
1558 724 1910 793 interpretari,
1951 739 2056 790 quo
2092 723 2197 775 sibi

310 801 515 855 videtur
541 802 722 857 eadem
753 804 958 857 facilius
985 807 1100 857 sine
1127 804 1231 856 ulla
1268 804 1634 864 haesitatione,
1673 801 1764 854 scd
1800 802 2000 867 integro
2036 802 2197 853 animi

313 892 573 931 consensu
600 881 839 948 amplecti
865 896 1022 949 posse
1037 920 1050 944 ,
1092 889 1149 935 ut
1175 887 1557 947 consequenter
1574 881 1684 931 Deo
1706 880 1860 947 pleno
1882 878 2041 930 animi
2062 892 2195 929 con-

312 970 475 1008 sensu
493 956 719 1010 obediat.
776 958 879 1011 ·33.
918 960 1074 1021 Nam,
1097 959 1280 1012 utiam
1300 960 1453 1009 etiam
1477 960 1866 1020 monuimus2l,
1900 956 2051 1007 sicuti
2072 955 2196 1005 olim

311 1032 444 1086 fides
471 1034 764 1087 secundum
794 1044 1002 1103 captum
1031 1042 1080 1087 et
1108 1036 1381 1103 opiniones
1411 1035 1778 1101 prophetarum
1810 1040 1861 1084 et
1888 1032 2023 1098 vulgi
2048 1030 2195 1083 illius

311 1106 564 1180 temporis
583 1106 800 1165 revelata
818 1113 1116 1181 scriptaque
1136 1112 1250 1173 fuit,
1272 1114 1351 1165 sic
1368 1112 1521 1164 etiam
1540 1114 1644 1163 iam
1666 1106 2029 1176 unusquisque
2050 1118 2197 1161 tene-

311 1195 399 1240 tur
420 1189 640 1243 eandem
659 1190 769 1241 suis
790 1190 1129 1257 opinionibus
1151 1190 1567 1251 accommodare,
1609 1195 1667 1240 ut
1692 1189 1775 1249 sic,
1798 1188 1965 1255 ipsam
1999 1186 2195 1252 absque

310 1266 422 1318 ulla
457 1268 646 1318 mentis
683 1268 1019 1334 repugnantia
1055 1268 1272 1333 sineque
1310 1268 1413 1320 ulla
1453 1267 1789 1318 haesitatione
1834 1264 2195 1331 amplectatur.

314 1343 661 1396 Ostendimus
688 1345 826 1395 enim
846 1344 926 1408 ⁸),
965 1343 1122 1395 iidem
1154 1359 1256 1395 non
1290 1351 1392 1395 tam
1421 1344 1681 1396 veritatem
1702 1382 1716 1404 ,
1756 1354 1913 1407 quam
1952 1341 2197 1409 pietatem

312 1420 537 1489 exigere,
579 1428 632 1472 et
658 1436 759 1472 non
790 1422 890 1473 nisi
917 1422 1111 1483 ratione
1131 1420 1453 1473 obedientiae
1474 1421 1612 1487 piam
1634 1425 1687 1471 et
1708 1417 2029 1470 salutiferam
2052 1432 2195 1481 esse3

311 1504 363 1549 et
391 1504 771 1563 consequenter
798 1500 1060 1549 neminem
1092 1497 1196 1549 nisi
1230 1498 1432 1549 ratione
1458 1496 1787 1548 obedientiae
1820 1493 2025 1546 fidelem
2062 1509 2197 1547 esse.

311 1574 484 1637 Quare
502 1589 608 1626 non
628 1575 733 1635 ille,
757 1574 1088 1641 quioptimas
1108 1573 1335 1625 ostendit
1352 1574 1579 1625 rationes
1592 1612 1607 1636 ,
1630 1574 1885 1641 optimam
1901 1574 2197 1624 necea-vario

311 1650 542 1703 ostendit
551 1651 752 1718 fidem,
793 1648 887 1702 sed
915 1650 1032 1713 ille,
1071 1653 1166 1717 qui
1192 1652 1393 1717 optima
1422 1652 1653 1703 ostendit
1678 1664 1841 1717 opera
1869 1649 2112 1700 iustitiae
2148 1654 2203 1700 et

309 1731 576 1780 caritatis.
650 1728 736 1780 34.
774 1727 922 1792 Quae
951 1724 1211 1796 doctrina,
1254 1744 1411 1796 quam
1439 1728 1683 1784 salutaris
1714 1738 1977 1795 quamque
2017 1740 2201 1780 neces-

307 1806 445 1857 saria
472 1807 544 1856 sit
569 1806 622 1856 in
654 1804 944 1873 republica,
984 1812 1044 1857 ut
1074 1805 1315 1875 homines
1344 1807 1557 1874 pacifice
1586 1813 1637 1860 et
1668 1804 1993 1858 concorditer
2009 1805 2197 1868 vivant,

312 1890 560 1948 quotque,
581 1883 796 1948 inquam
811 1922 826 1946 ,
850 1889 1177 1950 quantasque
1197 1883 1648 1950 perturbationum
1672 1889 1723 1934 et
1742 1881 2000 1935 scelerum
2018 1896 2201 1935 causas

308 1958 654 2026 praescindat,
678 1960 926 2013 omnibus
943 1960 1283 2012 iudicandum
1305 1962 1561 2028 relinquo.
1634 1959 1725 2012 35.
1764 1959 1936 2026 Atque
1956 1959 2039 2010 hic
2056 1967 2203 2012 ante-

312 2049 471 2101 quam
500 2037 718 2089 ulterius
747 2051 987 2104 pergam,
1026 2039 1314 2090 notandum
1344 2039 1513 2101 venit,
1550 2051 1647 2088 nos
1687 2050 1747 2088 ex
1782 2035 1937 2088 modo
1974 2037 2200 2088 ostensis

310 2113 460 2165 facile
489 2114 803 2180 respondere
830 2129 986 2180 posse
1021 2113 1086 2166 ad
1125 2105 1477 2178 obiectiones,
1517 2123 1648 2180 quas
1685 2127 1801 2181 cap.
1833 2113 1881 2167 1.
1918 2114 2196 2177 movimus,

312 2190 522 2256 quando
550 2191 613 2243 de
631 2189 742 2244 Deo
771 2207 891 2244 cum
911 2191 1162 2244 Isralilitis
1182 2207 1242 2244 ex
1261 2199 1437 2244 monte
1459 2193 1602 2244 Sinai
1624 2191 1867 2257 loquente
1887 2189 2040 2246 verba
2061 2190 2199 2243 feci-

309 2283 432 2319 mus
448 2268 525 2335 ⁴).
599 2268 686 2320 36.
722 2269 853 2321 Nam
875 2270 1114 2334 quamvis
1131 2281 1224 2321 vox
1241 2267 1355 2330 illa,
1396 2283 1553 2336 quam
1574 2259 1842 2322 ¹Isra'tilitae
1870 2269 2197 2331 audiverunt,

307 2344 412 2396 illis
443 2343 742 2397 hominihus
778 2345 974 2398 nullam
1013 2346 1423 2413 philosophicam
1460 2346 2005 2400 seu'mathematicam
2047 2346 2203 2397 certi-

311 2421 546 2474 tudinem
568 2421 632 2474 de
651 2423 747 2474 Dei
768 2422 1033 2474 existentia
1052 2421 1176 2474 dare
1193 2430 1463 2490 potuerat,
1498 2422 1787 2476 sufficiebat
1805 2428 1975 2475 tamen
1999 2422 2064 2474 ad
2081 2437 2204 2475 eos—

311 2498 502 2550 demin
532 2498 927 2552 admirationem
957 2501 1083 2563 Dei,
1123 2507 1280 2567 prout
1306 2501 1479 2567 ipsum
1510 2510 1663 2554 antea
1680 2507 1955 2562 noverant,
1992 2490 2193 2566 rapien-

308 2575 404 2628 dos
431 2583 482 2626 et
507 2576 572 2627 ad
601 2574 948 2641 obedientiam
966 2577 1325 2645 instigandos;
1366 2579 1456 2644 qui
1476 2577 1595 2631 finis
1614 2577 1759 2630 illius
1778 2577 2057 2644 spectaculi
2077 2577 2198 2646 fuit.

305 2655 438 2706 Nam
459 2654 601 2704 Deus
633 2667 735 2707 non
755 2653 958 2708 volebat
974 2654 1234 2708 Israelitas
1263 2669 1390 2708 suae
1416 2656 1673 2708 esseutiae
1702 2653 1938 2707 absoluta
1961 2653 2199 2707 attributa

311 2729 495 2782 docere
516 2727 688 2798 (nulla
707 2730 844 2783 enim
865 2738 976 2782 tum
1003 2733 1255 2798 temporis
1286 2732 1559 2801 revelavit)
1583 2771 1596 2794 ,
1636 2732 1731 2784 sed
1760 2747 1938 2788 eorum
1966 2733 2201 2784 animum

231 2879 240 2886 ·
309 2813 666 2860 contumacem
703 2806 942 2874 frangere
979 2815 1030 2860 et
1067 2809 1132 2860 ad
1169 2809 1519 2864 obedientiam
1557 2810 1787 2882 trahere3
1836 2811 2058 2878 ideoque
2080 2818 2200 2862 ’non

411 2949 455 2998 a)
490 2947 593 2993 vid.
613 2947 752 2996 huius
775 2962 882 3008 cap.
902 2954 947 3005 ς.
965 2955 1010 2997 3.·

409 3005 458 3057 2)
494 3007 598 3052 vid.
624 3008 765 3056 huius
784 3021 889 3068 cap.
909 3013 953 3066 8.
973 3015 1014 3056 ι.
1054 3044 1062 3051 ·

417 3066 461 3112 a)
497 3065 598 3109 vid.
619 3069 662 3120 ς.
683 3070 750 3113 20.

415 3123 460 3175 4)
498 3123 594 3168 vid.
617 3137 719 3186 cap.
743 3133 782 3174 t.
803 3133 845 3185 ς.
871 3134 934 3176 10.
955 3143 1059 3189 sqq.
