2548 3485
362 109 444 188 90
762 133 1149 179 Tnacra‘rus
1187 133 1842 182 THEoLofflco-Pom'r.

361 309 489 362 adeo
516 308 660 362 firma
690 317 741 361 et
764 311 1073 364 inconeussa
1100 313 1191 374 sit,
1232 319 1291 363 ut
1317 313 1458 366 nulla
1489 313 1595 366 dari
1631 325 1799 378 neque
1835 311 2032 377 concipi
2071 312 2236 378 possit

360 387 605 453 potentia,
628 401 657 438 a
676 403 781 454 qua
800 390 1005 456 possint
1020 391 1282 442 immutari
1292 389 1369 459 ⁴³).
1439 390 1598 443 Nobis
1619 389 1799 444 saltem
1817 389 1884 444 ab
1903 403 1964 440 eo
1985 395 2231 455 tempore,

360 479 462 530 quo
490 478 549 516 ex
574 465 640 516 ils
666 466 762 517 Dei
790 467 1107 519 existentiam
1136 466 1528 529 concludimus,
1568 469 1634 518 ita
1664 480 1908 533 apparere
1933 464 2151 527 debent,
2189 466 2236 516 si

360 557 417 592 ex
442 543 572 608 ipsis
600 541 715 594 eam
732 550 867 595 extra
888 543 1449 596 omnemdnbitationis
1469 545 1632 596 aleam
1649 542 1955 596 concludere
1973 543 2234 594 volumus.

359 620 488 689 Nam
516 620 564 672 si
592 634 867 686 possemus
896 622 1191 688 concipere,
1230 622 1374 688 ipsas
1411 622 1646 674 notiones
1679 619 1745 672 ab
1781 621 1952 687 aliqua
1988 619 2234 686 potentia,

360 711 697 763 quaecunque
716 696 924 750 demum
946 713 1007 750 ea
1024 698 1207 760 ruerit,
1247 700 1433 751 mutari
1454 713 1636 766 posse,
1675 703 1786 748 tum
1815 697 1880 750 de
1907 711 2082 754 carum
2101 695 2238 748 veri-

358 780 461 825 tate
492 773 873 837 dubitaremus,
912 782 963 827 et
989 783 1361 842 consequenter
1387 776 1540 827 etiam
1569 775 1635 828 de
1671 782 1845 826 nostra
1879 774 2230 834 conclusione,

358 865 543 916 nempe
570 851 635 903 de
663 853 759 906 Dei
786 853 1075 917 existentia,
1116 867 1212 905 uec
1240 852 1306 904 de
1333 851 1436 904 ulla
1464 866 1518 904 re
1545 866 1776 918 unquam
1805 852 2090 918 poterimus
2118 863 2234 902 esse

358 928 502 978 certi.
579 930 661 980 18.
700 930 901 983 Deinde
927 931 1056 982 nibil
1082 944 1199 982 cum
1235 935 1413 981 natura
1449 929 1719 981 convenire
1757 928 1831 981 vel
1868 929 1914 980 ei
1953 941 2234 994 repugnare

356 1005 582 1065 scimus,
622 1007 725 1057 nisi
752 1006 807 1057 id
824 1045 838 1068 ,
878 1007 1017 1073 quod
1046 1006 1371 1060 ostendimus
1398 1021 1516 1058 cum
1543 1006 1657 1057 istis
1680 1005 1945 1072 principiis
1966 1004 2235 1056 convenire

354 1082 429 1132 vel
451 1083 514 1132 iis
538 1097 841 1149 repugnare.
913 1085 1085 1148 Quare
1104 1085 1151 1142 sl
1170 1084 1435 1149 concipere
1455 1097 1730 1150 possemus
1749 1081 1945 1148 aliquid
1972 1082 2026 1133 in
2055 1089 2234 1132 natura

354 1157 419 1209 ab
458 1159 628 1224 aliqua
666 1162 893 1227 potentia
928 1161 1305 1228 (quaecunque
1343 1161 1554 1212 demum
1591 1174 1648 1212 ea
1687 1159 1876 1226 fuerit)
1911 1173 2068 1225 posse
2103 1157 2231 1222 fieri,

356 1234 496 1300 q'uod
534 1244 743 1290 naturae
778 1246 1054 1305 repugnet,
1112 1237 1164 1288 ld
1202 1239 1384 1304 primis
1421 1237 1537 1289 istis
1572 1236 1873 1289 notionibus
1907 1233 2232 1302 repugnabit,

330 1313 589 1379 ‘adeoque
625 1314 677 1366 id
710 1321 771 1366 ut
796 1315 1078 1367 absurdum
1118 1314 1476 1376 reiiciendum,
1518 1313 1594 1365 vel
1631 1312 1698 1364 de
1725 1313 1905 1380 primis
1933 1311 2234 1377 notionibus

356 1391 437 1454 (ut
472 1390 625 1442 modo
662 1392 1038 1458 ostendimus),
1075 1399 1126 1443 et
1160 1397 1534 1456 consequenter
1570 1390 1636 1441 de
1659 1391 1770 1442 Deo
1807 1398 1858 1442 et
1890 1388 1953 1441 de
1989 1387 2234 1440 omnibus

354 1466 717 1532 quomodocun
794 1484 823 1521 e
850 1470 1103 1536 perceptis
1129 1466 1491 1521 dubitandum.
1566 1467 1651 1519 1⁸.).
1687 1468 1862 1533 Longe
1888 1468 2040 1533 igitur
2065 1465 2230 1526 abest,

354 1550 413 1595 ut
432 1545 705 1610 miracula,
720 1484 1003 1612 q*eatenus
1032 1560 1122 1612 per
1140 1545 1193 1596 id
1210 1543 1511 1610 intelligitur
1529 1557 1691 1610 opus,
1732 1543 1870 1610 quod
1890 1542 2058 1594 ordini
2079 1549 2227 1592 natu-

354 1634 439 1673 rae
465 1628 740 1689 repugnet,
782 1621 934 1673 nobis
960 1623 1057 1674 Dei
1083 1622 1400 1674 existentiam
1422 1620 1721 1682 ostendant;
1760 1635 1921 1686 quum
1943 1627 2117 1671 contra
2135 1632 2232 1669 nos

353 1695 419 1749 de
448 1697 627 1751 eadem
656 1697 889 1750 dubitare
926 1697 1173 1762 facerent,
1214 1699 1420 1766 quando
1449 1697 1647 1765 absque
1675 1699 1739 1751 iis
1765 1695 1996 1751 absolute
2025 1697 2089 1749 de
2117 1697 2230 1763 ipsa

354 1787 629 1840 possemus
652 1789 774 1847 esse
806 1777 955 1839 certi,
995 1790 1181 1843 nempe
1206 1777 1415 1843 quando
1434 1777 1654 1840 scimus,
1695 1776 1865 1827 omnia
1883 1780 2100 1829 naturae
2119 1786 2232 1825 cer·-

351 1858 463 1902 tum
483 1860 637 1917 atque
656 1850 1027 1905 immutabilem
1047 1854 1282 1906 ordinem
1303 1853 1472 1920 sequi.
1543 1856 1631 1908 20.
1667 1852 1738 1903 Δι
1754 1859 2000 1919 ponatur,
2039 1851 2093 1903 id
2114 1865 2232 1903 esse

354 1926 655 1981 miraculum
672 1926 695 1992 ,'
724 1930 867 1995 quod
891 1943 985 1997 per
1012 1944 1195 1983 causas
1222 1930 1480 1983 naturales
1501 1930 1737 1997 explicari
1764 1944 1870 1981 non
1898 1935 2095 1996 potest,
2135 1928 2232 1980 boc

353 2006 565 2071 quidem
593 2005 802 2059 duobus
828 2006 1001 2059 modis
1026 2015 1199 2074 potest
1224 2007 1462 2073 intelligi3
1501 2006 1580 2058 vel
1608 2006 1748 2073 quod
1767 2020 1954 2059 causas
1973 2005 2230 2058 naturales

350 2082 561 2148 quidem
581 2083 734 2137 habet
746 2122 761 2147 ,
801 2098 935 2151 quae
955 2092 1125 2137 tamen
1145 2085 1374 2137 humano
1391 2083 1652 2137 intellectu
1670 2084 1964 2150 investigari
1983 2097 2088 2135 non
2107 2096 2231 2149 pos-

450 2314 491 2365 ·)
526 2312 597 2357 De
614 2311 701 2357 Dei
722 2312 989 2369 existentia,
1016 2318 1067 2359 et
1084 2318 1428 2370 consequenter
1443 2313 1504 2357 de
1521 2312 1740 2362 omnibus
1761 2311 2057 2369 dubitamus,
2085 2320 2230 2369 quam

350 2371 461 2416 diu
450 2372 596 2427 ipsius
614 2370 701 2417 Dei
720 2384 811 2417 non
832 2371 1007 2419 claram
1033 2379 1081 2417 et
1099 2373 1392 2428 distinctam,
1429 2372 1512 2418 sed
1533 2374 1780 2419 confusam
1800 2370 2027 2416 habemus
2055 2370 2228 2415 ideam.

348 2432 465 2476 Nam
487 2438 539 2475 ut
558 2430 653 2490 ille,
674 2432 753 2489 qui
774 2438 989 2478 naturam
1009 2431 1225 2488 trianguli
1248 2445 1341 2478 non
1362 2439 1487 2477 recte
1507 2433 1656 2489 novit,
1677 2433 1832 2477 nescit.
1847 2432 1948 2476 eius
1967 2437 2058 2476 tres
2078 2442 2229 2487 angu-

348 2490 421 2535 los
441 2464 663 2547 aequales
683 2503 786 2535 esse
806 2492 989 2537 duobus
1008 2493 1165 2548 rectis,
1177 2493 1246 2538 sic
1264 2494 1322 2549 is,
1343 2494 1422 2550 qul
1443 2498 1656 2538 naturam
1677 2492 1878 2537 divinam
1899 2490 2094 2535 confuse
2111 2502 2230 2535 cou-

350 2552 488 2609 cipit,
518 2562 613 2595 non
632 2550 779 2608 videt,
810 2553 935 2608 quod
956 2553 1012 2597 ad
1032 2552 1118 2597 Dei
1139 2560 1356 2598 naturam
1375 2553 1606 2609 pertineat
1623 2549 1837 2593 existere.
1891 2550 1950 2595 Αι
1965 2557 2018 2594 ιιι
2036 2549 2120 2595 Dei
2141 2561 2228 2593 na-

348 2616 451 2655 tura
480 2622 508 2655 a
538 2609 675 2660 nobis
703 2610 831 2655 clare
859 2619 905 2657 et
930 2612 1144 2657 distincte
1172 2612 1355 2667 concipi
1383 2611 1558 2667 possit,
1595 2623 1790 2657 necesse
1811 2614 1908 2665 est,
1937 2610 1996 2654 ad
2017 2610 2227 2655 notiones

348 2671 575 2727 quasdam
596 2668 993 2727 simplicissimas,
1024 2682 1141 2728 quas
1162 2683 1436 2717 communes
1455 2678 1644 2728 vocant,
1675 2670 1942 2725 attendere,
1981 2675 2150 2713 etcum
2172 2668 2226 2712 iis

349 2742 429 2785 ea,
459 2741 582 2787 quae
608 2731 666 2775 ad
686 2729 886 2775 divinam
907 2738 1121 2775 naturam
1140 2732 1396 2787 pertinent,
1426 2736 1748 2776 concatenare.
1800 2730 1953 2786 Atque
1973 2733 2072 2773 tum
2090 2727 2225 2773 nobis

347 2791 548 2844 primum
586 2788 637 2834 flt
671 2790 999 2846 perspicuum,
1036 2790 1185 2835 Deum
1212 2790 1480 2837 necessario
1515 2790 1714 2836 existere
1741 2796 1788 2835 et
1813 2789 1989 2845 ubique
2016 2800 2141 2843 esse,
2180 2792 2228 2831 et

347 2848 487 2893 simul
506 2850 724 2906 adparet
745 2850 919 2905 omnia,
950 2862 1071 2908 quae
1088 2851 1404 2907 concipimus,
1435 2849 1520 2895 Del
1539 2857 1755 2895 naturam
1775 2849 1850 2902 (1)
1872 2848 1977 2893 add.
1997 2846 2046 2889 in
2065 2849 2130 2898 se)
2150 2858 2224 2889 m

348 2909 530 2953 volvere
548 2921 725 2965 perque
745 2910 939 2955 candem
961 2909 1170 2967 concipi,
1192 2916 1239 2955 et
1257 2910 1414 2955 omnia
1433 2908 1661 2966 denique,
1690 2920 1810 2966 quae
1831 2908 2089 2964 adaequate
2107 2916 2224 2949 con-

348 2967 563 3024 cipimus,
582 2980 689 3012 vera
710 2980 827 3013 esse.
866 2968 954 3014 Sed
974 2970 1033 3013 de
1053 2969 1142 3014 hoc
1160 2968 1234 3024 (D.
1256 2972 1312 3013 de
1329 2966 1422 3023 hir)
1441 2969 1544 3014 vide
1561 2968 1926 3024 prolegomenon
1945 2966 2070 3023 libri,
2089 2964 2225 3010 cuius

348 3027 512 3072 titulus
549 3033 695 3081 esti,
701 3027 975 3084 ,principia
1006 3026 1340 3084 philosophiae
1376 3040 1504 3071 mora
1527 3026 1812 3085 geometrico
1839 3022 2222 3071 demonstrata.“

348 3082 436 3141 sp.
468 3086 589 3135 ..vid
610 3086 741 3131 Tom.
763 3088 801 3132 l.
821 3100 867 3145 p
886 3090 953 3131 26.
974 3100 1077 3145 sqq.
1100 3088 1207 3135 coll.
1228 3100 1334 3147 epp.
1355 3092 1421 3136 59.
1443 3092 1570 3143 511.
1592 3096 1638 3135 et
1658 3102 1730 3147 ep
1751 3090 1816 3131 6⁰.
1838 3089 1880 3140 ί
1902 3090 1966 3131 ss.
