2548 3485
230 244 238 253 ,
275 272 280 276 ¹
373 206 432 243 v1
1104 203 1487 249 ΡιιΑΕιτΑΤιο.
1528 236 1534 244 .

477 379 528 430 9.
571 377 959 433 Guilt‘olmm
1005 395 1125 431 vau
1159 380 1603 449 Blyenbergh:
1648 379 2114 446 „wedderleginge
2150 394 2248 431 van

371 465 462 519 het
486 464 626 519 boek
651 474 893 535 genoemt
908 472 1159 520 tractatus
1177 465 1470 534 theologico
1482 467 1836 536 -rpoliticusf‘
1898 456 2068 533 Lugd.
2095 465 2246 517 1674.

373 551 526 604 Conf.
558 552 710 621 Spin.
737 568 863 627 opp.
893 552 1020 607 edit.
1051 567 1198 607 meae
1226 559 1356 605 tom.
1378 555 1451 605 11.
1472 552 1639 621 praef.
1659 554 1834 621 pax.
1903 551 2126 609 Eidem
2152 552 2251 602 tri-

360 632 551 690 buitur
594 644 871 692 tractatus.
929 653 1075 703 „sur
1115 639 1168 692 la
1211 638 1373 695 verite
1416 636 1481 691 de
1525 637 1577 691 la
1612 638 1834 705 religion
1872 636 2249 690 Chretienne.“

367 723 644 791 ALeydcn
679 722 830 776 1674.
871 723 924 776 8.
929 676 1083 798 ’.Vid
1113 723 1351 777 deMurr
1368 722 1599 775 adnotat.
1623 725 1689 776 ad
1717 729 1991 776 tractatum
2018 720 2246 787 theolog.

368 810 520 877 polit.
542 824 596 877 p.
622 810 707 861 14.
781 808 996 862 Cotem
1012 809 1064 863 la
1084 810 1164 864 vie
1183 808 1248 863 de
1267 792 1569 878 Spinozap.
1594 808 1715 862 639.
1737 815 1787 861 et
1806 810 1925 862 644

475 920 558 973 10.
596 919 994 972 Franciocue
1025 920 1316 989 cuper-ru
1350 919 1697 1025 socinianus·
1737 914 1979 986 „arcana
2001 918 2247 972 atheismi

369 1006 660 1059 revelataf‘
709 1005 956 1061 Roterod.
982 996 1136 1061 1676.
1171 1009 1226 1061 4.

477 1119 560 1171 11.
600 1110 979 1170 Lamban-tur
1025 1116 1407 1171 Veltlmst'ue
1458 1118 1889 1172 Ultraiectensis=
1947 1122 2250 1181 „tractatus

370 1205 586 1256 moralis
633 1203 698 1257 de
744 1204 970 1256 naturali
1017 1204 1218 1273 pudore
1253 1212 1307 1258 et
1340 1205 1594 1273 dignitate
1630 1204 1932 1257 hominis.“
2000 1200 2249 1255 Boterod.

373 1290 525 1343 1676.
599 1289 772 1344 Idem
803 1288 866 1343 de
895 1289 1042 1341 cultu
1062 1290 1287 1343 naturali
1310 1298 1361 1343 et
1376 1292 1579 1359 origine
1598 1289 1936 1343 moralitati&
2002 1286 2249 1341 Boterod.

372 1375 525 1427 1680.
582 1378 634 1428 4.
707 1374 992 1432 Benedicta
1039 1377 1154 1429 eius
1199 1375 1429 1441 librum,
1476 1391 1634 1444 quem
1679 1376 1933 1429 adversus
1977 1380 2255 1427 tractatum

367 1461 599 1529 theolog.
633 1462 785 1531 polit.
817 1462 1128 1530 scripserat,
1165 1476 1272 1515 una
1298 1476 1417 1515 cum
1443 1461 1792 1530 responsione
1823 1474 1919 1515 sua
1948 1459 2103 1514 edere
2130 1475 2257 1527 pro-

371 1547 606 1615 positum
651 1556 778 1603 erat.
851 1547 974 1601 vid.
1024 1562 1106 1615 ep.
1147 1548 1234 1600 75.
1282 1555 1333 1600 et
1378 1545 1503 1600 edit.
1552 1553 1873 1627 meae-tom.
1910 1548 1984 1598 11.
2034 1546 2253 1615 praefat.

369 1648 424 1701 p.
445 1634 544 1685 XI.

476 1745 718 1797 Ceterum
747 1744 888 1796 conf.
913 1759 1046 1811 quae
1075 1742 1342 1796 Color-ur
1368 1742 1420 1795 la
1447 1744 1531 1797 vie
1551 1742 1617 1797 de
1637 1742 1863 1811 Spinoza
1881 1756 2001 1812 pag.
2024 1741 2144 1795 639.
2168 1757 2254 1809 sq.

373 1831 424 1877 et
456 1825 828 1880 Loibm'tius
869 1829 934 1882 de
965 1828 1327 1883 conformitate
1354 1827 1476 1882 fidei
1505 1843 1626 1883 cum
1654 1829 1857 1898 ratione
1893 1828 1948 1898 §.
1978 1827 2099 1881 371.
2131 1841 2255 1895 sqq.

371 1911 753 1966 disseruerunt.

472 2023 831 2094 Philosophus
868 2025 1248 2093 sagacissimus
1295 2027 1623 2080 adversarios
1669 2025 1895 2080 refutare
1942 2033 2255 2095 aspernatus

373 2116 482 2175 est,
502 2126 666 2178 quum
684 2111 994 2180 plerosque,
1024 2110 1223 2178 quibus
1241 2114 1616 2182 responderet,
1647 2111 1898 2180 indignos
1918 2111 2253 2164 existimaret.

369 2196 492 2251 vid.
517 2213 603 2266 ep.
627 2197 712 2250 50.
737 2197 818 2267 (§.
843 2200 923 2264 5.)
949 2205 1000 2251 et
1017 2213 1100 2266 ep.
1123 2196 1210 2250 75.
1235 2199 1313 2263 (5.
1340 2201 1420 2263 1.)
1465 2198 1537 2252 At
1555 2202 1844 2250 tractatum
1861 2199 2001 2248 notis
2018 2196 2260 2247 illustra-

371 2287 484 2334 tuem
524 2283 696 2337 denuo
734 2284 887 2337 edere
925 2285 1286 2336 constituerat.
1360 2285 1514 2336 Conf.
1555 2285 1711 2352 epist.
1743 2284 1827 2335 19.
1866 2281 1951 2351 (§.
1982 2283 2062 2348 3.)
2092 2288 2145 2334 ct
2171 2281 2258 2334 75.

370 2370 528 2422 Prius
557 2383 716 2436 quam
743 2369 799 2420 id
826 2369 1072 2437 perfecit,
1111 2377 1279 2421 morte
1297 2370 1549 2438 abreptus
1570 2377 1667 2422 est.
1739 2368 1978 2422 Diversis
1999 2382 2116 2421 vero
2135 2365 2263 2418 libri

374 2453 626 2522 exemplis
665 2454 882 2522 (partim
923 2455 1111 2506 amicis
1148 2455 1366 2520 dicatis)
1402 2461 1556 2507 notas
1595 2455 1701 2510 lam
1734 2462 1855 2507 ante
1890 2453 2263 2520 adscripscrat,

373 2552 600 2604 quorum
633 2537 808 2592 adhuc
843 2545 950 2611 tm
985 2545 1125 2591 corto
1153 2541 1236 2592 vel
1259 2545 1495 2606 quatuor
1520 2547 1723 2595 exstant
1750 2540 2002 2590 editiones
2033 2537 2123 2590 hic
2147 2536 2265 2589 illic

374 2623 510 2677 inter
538 2637 598 2676 se
626 2624 932 2679 recedentes
961 2632 1011 2680 et
1029 2626 1310 2679 variantes,
1381 2626 1599 2678 Prima
1629 2627 1865 2678 omnium
1892 2623 2094 2692 publici
2121 2623 2260 2675 iuris

373 2709 510 2762 facte
536 2711 956 2780 interpretationi
985 2712 1216 2765 Gallicae
1247 2718 1457 2766 auctore
1486 2715 1563 2766 St.
1586 2712 1741 2764 Glain
1768 2709 1967 2763 adnexa
1988 2716 2091 2763 est:
2132 2711 2263 2784 „La

377 2794 485 2849 clef
517 2796 589 2848 du
625 2797 924 2849 sanctuaire
961 2812 1054 2866 par
1087 2813 1163 2850 un
1199 2805 1412 2860 scavant
1446 2796 1655 2849 homme
1694 2794 1757 2847 de
1786 2801 1932 2849 notre
1962 2795 2142 2850 siecle.
2214 2795 2265 2845 A

375 2879 549 2947 Leyde
580 2881 784 2934 1678.“
823 2882 907 2936 12.
947 2883 1217 2951 531pagg.
1289 2883 1476 2936 Versio
1495 2881 1892 2937 adnotationum
1913 2879 2015 2934 fine
2044 2879 2168 2932 libri
2196 2879 2264 2930 30

376 2979 537 3034 pagg..
551 2968 792 3040 sequitur
815 2969 872 3020 h.
895 2975 964 3020 t.=
1006 2966 1368 3035 „Hermai-quer
1404 2970 1671 3020 cur-icus&
1705 2971 1757 3018 et
1789 2965 2105 3018 necess-uires
2122 2979 2269 3032 pour·

379 3050 750 3116 l’intelligencc
779 3053 842 3104 de
859 3062 928 3106 'co
957 3053 1155 3105 livre.“
1225 3053 1456 3107 Easdem
1482 3045 1681 3106 Paulus
1709 3052 2031 3106 instituerer
2056 3050 2113 3102 in
2148 3049 2268 3103 edi-

380 3136 552 3189 tiones
571 3136 722 3205 Spin.
744 3154 866 3207 opp.
889 3146 1216 3209 receperunt.
