2548 3485
347 153 464 216 116
732 156 1118 204 ‘rnacm‘rns
1156 157 1555 204 Tnssonoslco
1567 156 1817 203 -Poer,

343 327 443 402 'que
476 335 636 388 oratio
665 349 722 387 ex
750 350 853 388 usu
875 336 1076 402 linguae
1095 333 1361 387 admittere
1380 341 1578 402 potest,
1616 333 1926 401 eruendum)
1946 331 2043 384 hoc
2060 345 2215 400 posse

339 412 572 465 absolute
601 412 740 474 fieri;
785 427 946 478 quum
979 415 1100 477 quia
1127 411 1252 463 haec
1282 414 1568 464 orationum
1601 413 1801 464 collatio
1830 426 1933 464 non
1960 411 2061 461 nisi
2093 425 2217 463 casu

340 492 618 541 orationem
649 489 872 554 aliquam
901 489 1155 540 illustrare
1190 495 1385 555 potest,
1426 489 1846 556 quandoquidem
1884 488 2058 538 nullus
2094 502 2218 554 pro-

337 566 489 633 pheta
517 581 578 618 eo
605 565 707 617 fine
737 567 966 633 scripsit,
1007 570 1065 616 ut
1091 566 1244 617 verba
1271 560 1479 619 alterius
1506 573 1595 618 aut
1621 580 1716 618 sua
1745 567 1859 633 ipsa
1888 580 1946 617 ex
1982 564 2219 632 professo

341 643 636 709 explicaret;
677 649 786 693 tum
809 644 960 694 etiam
982 642 1101 707 quia
1124 649 1349 695 mentem
1371 644 1525 695 unius
1548 643 1819 710 prophetae
1834 683 1848 706 ,
1880 641 2098 709 apostoli
2114 649 2215 693 etc.

339 735 397 772 ex
425 727 593 771 mente
621 719 831 771 alterius
860 718 1163 770 concludere
1193 733 1297 770 non
1326 734 1639 786 possumne,
1678 720 1778 771 nisi
1810 721 1863 771 ln
1883 718 2038 771 rebus
2058 732 2217 770 usum

338 797 468 848 vitae
485 794 840 863 spectantibus
859 803 943 859 (ut
963 797 1065 847 iam
1086 795 1346 847 evidenter
1366 797 1733 866 ostendimus),
1755 803 1806 849 at
1824 811 1943 860 non,
1968 809 2129 862 quum
2150 795 2215 846 de

337 872 494 926 rebus
521 873 849 940 speculativis
878 873 1191 938 loquuntur,
1231 874 1338 924 sive
1374 888 1535 940 quum
1575 874 1818 926 miracula
1851 878 1942 925 aut
1977 872 2215 924 historias

337 956 562 1000 narrant.
637 949 722 1003 5⁷.
761 951 982 1002 Possum
1002 955 1263 1015 praeterea
1285 949 1408 1013 hoc,
1448 965 1634 1017 nempe
1654 951 1791 1016 quod
1813 951 2004 1002 multae
2026 950 2217 1002 oratio-

338 1040 432 1078 nes
460 1025 841 1094 inexplicabiles
868 1027 919 1078 iu
949 1027 1006 1076 S.
1039 1026 1257 1093 Scriptis
1290 1034 1590 1090 occurrunt,
1631 1026 1943 1094 quibusdam
1972 1027 2216 1094 exemplis

338 1103 636 1166 ostendere,
675 1103 767 1155 sed
796 1104 1274 1170 impraesentiarum
1306 1104 1369 1155 iis
1399 1103 1664 1156 lubentius
1692 1105 2033 1172 supersedeo,
2074 1111 2125 1156 et
2150 1103 2216 1156 ad

337 1179 552 1246 reliqua,
571 1195 702 1246 quae
721 1186 1019 1246 supersunt,
1043 1180 1287 1242 notanda,
1306 1182 1430 1246 quid
1455 1182 1650 1233 scilicet
1668 1181 1791 1232 haec
1808 1195 1921 1234 vera
1941 1179 2216 1232 methodus

338 1258 655 1325 scripturam
685 1257 1054 1324 interpretandi
1083 1256 1397 1309 difficultatis
1437 1259 1603 1310 adhuc
1639 1256 1853 1320 habeat,
1893 1256 1970 1310 vel
2009 1256 2132 1324 quid
2162 1259 2214 1308 in

337 1334 452 1402 ipsa
472 1334 818 1397 desideretur,
860 1347 1088 1401 pergam.

441 1411 526 1463 58.
565 1411 741 1463 Oritur
776 1413 827 1462 iu
865 1409 1108 1462 methodo
1145 1411 1241 1462 alia
1269 1420 1531 1478 praeterea
1560 1411 1833 1464 difficultas
1861 1426 1921 1463 ex
1948 1427 2034 1476 eo,
2078 1410 2214 1477 quod

335 1486 450 1553 ipsa
478 1486 745 1541 historiam
776 1503 992 1539 casuum
1021 1488 1252 1538 omnium
1282 1488 1527 1541 librorum
1551 1489 1843 1556 scripturae
1860 1489 2034 1554 exigit,
2065 1489 2215 1540 cuius

335 1566 610 1616 maximam
638 1572 833 1632 partem
864 1566 1186 1630 ignoramus:
1206 1627 1210 1633 Ι
1230 1566 1510 1617 multorum
1540 1557 1679 1616 enim
1709 1565 1954 1616 librorum
1982 1573 2215 1617 auctores

335 1641 413 1691 vel
436 1640 718 1709 (si-mavis)
734 1642 1016 1707 scriptores
1034 1640 1112 1692 vel
1135 1654 1347 1707 prorsus
1367 1643 1690 1709 ignoramus,
1731 1642 1807 1695 vel
1828 1642 1890 1694 de
1908 1641 2093 1694 iisdem
2116 1642 2217 1694 du-

333 1715 588 1781 bitamus,
646 1723 705 1769 ut
742 1717 795 1769 iu
836 1717 1176 1782 sequentibus
1213 1717 1330 1770 fuse
1368 1720 1638 1773 ostendam
1652 1719 1731 1789 ³³).
1809 1719 2009 1773 Deinde
2045 1715 2215 1787 neque

337 1796 488 1845 etiam
509 1795 722 1857 scimus,
747 1808 847 1859 qua
869 1796 1163 1859 occasione,
1187 1810 1359 1862 neque
1379 1811 1482 1863 quo
1502 1805 1729 1864 tempore
1748 1796 1967 1859 bilibri,
1991 1812 2213 1865 quorum

336 1872 615 1938 scriptores
649 1871 978 1937 ignoramus,
1021 1874 1196 1938 scripti
1235 1872 1461 1926 fuerunt.
1532 1876 1806 1926 Nescimus
1834 1882 2120 1942 praeterea,
2160 1876 2213 1927 iu

338 1963 560 2015 quorum
593 1963 778 2000 manus
808 1948 922 2001 libri
953 1964 1132 2000 omnes
1161 1951 1459 2013 inciderint,
1500 1966 1670 2017 neque
1707 1953 1759 2003 in
1788 1966 2007 2019 quorum
2044 1966 2215 2004 exem-

335 2024 568 2093 plaribus
597 2032 672 2079 tot
703 2028 866 2078 variae
895 2026 1140 2080 lectiones
1179 2036 1407 2094 repertae
1445 2029 1577 2089 sint:
1620 2043 1713 2080 nec
1752 2029 1973 2095 denique
2010 2044 2072 2079 an
2111 2042 2213 2079 non

335 2102 512 2170 plures
540 2103 668 2154 aliae
696 2103 890 2155 fuerint
915 2103 1052 2170 apud
1087 2103 1214 2156 alios
1242 2105 1510 2156 lectiones.
1586 2106 1668 2157 59.
1708 2104 1846 2169 Quid
1882 2113 2054 2156 autem
2092 2104 2215 2155 haec

335 2182 508 2232 omnia
536 2180 668 2232 scire
689 2180 900 2243 referat,
931 2195 1029 2231 suo
1050 2181 1100 2230 in
1123 2181 1231 2232 loco
1248 2179 1466 2232 breviter
1483 2180 1729 2242 indicavi3
1771 2181 2024 2248 quaedam
2043 2187 2212 2233 tamen

333 2256 408 2309 ibi
428 2258 664 2310 consulto
685 2260 866 2318 omisi,
906 2272 1042 2323 quae
1061 2258 1160 2307 iam
1182 2256 1264 2309 hic
1285 2259 1495 2309 veniunt
1514 2258 1905 2312 consideranda.
1980 2259 2034 2309 Si
2055 2272 2214 2325 quem

335 2333 524 2386 librum
554 2349 636 2385 res
667 2332 996 2386 incredibiles
1023 2340 1112 2385 aut
1129 2333 1563 2402 imperceptibiles
1586 2337 1962 2399 continentem,
2001 2335 2077 2387 vel
2109 2343 2216 2388 ter-

335 2410 492 2462 minis
509 2410 788 2462 admodum
810 2409 1044 2462 obscuris
1065 2412 1311 2477 scriptum
1326 2450 1342 2476 ,
1369 2412 1610 2477 legimuS,
1635 2428 1805 2479 neque
1826 2414 1937 2465 eius
1955 2419 2216 2465 auctorem

335 2487 598 2548 novimus,
631 2500 798 2552 neque
830 2489 981 2538 etiam
1012 2502 1115 2554 quo
1145 2495 1373 2554 tempore
1400 2496 1451 2539 et
1487 2503 1588 2555 qua
1626 2492 1893 2543 occasione
1931 2492 2213 2557 scripserit,

334 2562 524 2615 frustra
566 2562 781 2614 de'eius
815 2578 933 2616 vero
969 2579 1129 2617 seusu
1169 2565 1411 2616 certiores
1447 2564 1560 2618 fieri
1598 2566 1920 2619 conabimur.
1993 2570 2078 2620 60.
2117 2567 2215 2619 His

335 2642 472 2692 enim
495 2638 740 2691 omnibus
761 2640 1004 2706 ignoratis
1019 2680 1032 2704 ,
1065 2642 1277 2693 minime
1296 2644 1425 2694 scire
1446 2657 1752 2709 possumus,
1789 2643 1915 2710 quid
1936 2653 2115 2695 auctor
2131 2646 2215 2695 in-

334 2718 557 2770 tenderit
583 2725 671 2769 aut
699 2716 964 2769 intendere
991 2720 1240 2784 potuerit;
1282 2733 1445 2784 quum
1472 2729 1647 2771 contra
1680 2720 1765 2772 his
1800 2720 1960 2788 probe
1997 2722 2214 2787 cognitis

334 2802 538 2848 nostras
555 2797 886 2862 cogitationes
908 2796 975 2845 ita
997 2794 1429 2858 determinamus,
1476 2805 1535 2849 ut
1564 2795 1707 2848 nullo
1732 2798 2047 2865 praeiudicio
2063 2811 2217 2864 prae-

336 2884 672 2937 occupemur,
711 2887 778 2925 ne
813 2871 1010 2924 scilicet
1046 2874 1271 2934 auctori,
1310 2872 1390 2924 vel
1416 2875 1492 2935 ei,
1532 2875 1585 2925 in
1616 2874 1770 2926 cuius
1798 2876 2009 2940 gratiam
2037 2879 2215 2924 auctor

336 2948 568 3012 scripsit,
607 2948 726 3016 plus
757 2950 993 3003 minusve
1019 2950 1157 3002 iusto
1186 2948 1478 3002 tribuamus
1494 2990 1509 3015 ,
1548 2958 1598 3003 et
1617 2967 1682 3004 ne
1702 2950 1767 3004 de
1786 2951 1904 3003 ullis
1924 2950 2036 3000 aliis
2057 2946 2214 3000 rebus

437 3114 475 3163 ⁸)
510 3114 610 3157 via.
632 3126 734 3172 cap.
754 3120 794 3159 8.
817 3124 866 3163 et
883 3123 949 3163 1⁰.
