2548 3485
1135 159 1270 205 car.
1327 156 1417 205 lx,
2092 158 2209 216 151

1973 245 1981 275 i

329 351 488 392 causa
509 337 827 406 scripturam
839 338 1020 404 ipsam
1037 343 1236 390 mutare
1255 351 1359 390 non
1375 341 1488 390 erat
1512 349 1673 404 opus,
1713 343 1939 392 attamen
1960 344 2020 392 ut
2044 339 2213 408 plebis

330 415 673 468 imbecillitati
700 416 1064 478 subvenirent,
1104 415 1527 480 introduxerunt,
1566 422 1625 468 ut
1642 417 1854 468 nomina
1873 421 2041 470 coitus
2058 425 2109 470 et
2126 432 2216 469 ex-

330 493 710 545 crementorum
730 492 1000 544 honestius
1019 493 1071 544 in
1092 491 1305 560 publico
1326 493 1637 559 legerentur,
1661 491 1904 562 videlicet
1923 494 2080 546 sicuti
2099 495 2215 562 ipsa

329 572 384 621 in
419 570 662 636 margine¹
690 565 1010 621 no'taverunt.
1087 569 1172 620 46.
1212 571 1449 636 Denique
1488 569 1740 638 quicquid
1770 570 1954 635 fuerit,
1992 584 2085 622 cur
2112 575 2215 622 us'u

332 646 528 699 factum
555 647 733 708 luerit,
773 652 833 697 ut
853 639 1152 714 'Scripturas
1181 646 1473 698 secuudum
1514 646 1824 713 marginales
1860 647 2107 699 lectiones
2137 649 2216 700 le-

329 731 452 790 gant
472 731 524 777 et
541 725 966 792 interpretentur,
997 723 1056 774 'id
1076 724 1258 775 saltem
1281 738 1385 776 non
1405 724 1532 786 luit,
1574 723 1713 790 quod
1735 737 1849 776 vera
1867 725 2214 792 interpretatio

330 801 622 855 secundum
650 802 794 868 ipsas
821 801 974 852 debet
1002 801 1131 853 lieri.
1203 797 1335 854 Nam
1362 800 1721 868 praeterquam
1756 801 1897 868 quod
1933 803 2035 869 ipsi
2062 801 2215 855 Rab-

330 876 438 929 bini
475 879 530 930 in
566 876 790 931 Talmud
836 889 990 945 saepe
1027 893 1057 930 a
1091 877 1368 932 Masei-etis
1406 877 1654 930 recedunt
1688 885 1742 930 et
1784 877 1912 930 alias
1956 878 2218 931 habebant

330 954 600 1018 lectiones,
637 969 770 1022 quas
807 954 1122 1021 probabant,
1169 961 1228 1006 nt
1261 969 1381 1006 mox
1416 954 1718 1018 ostendam,
1764 955 2022 1022 quaedam
2056 957 2213 1009 insn-

329 1046 423 1098 per
439 1032 504 1082 'in
544 1033 774 1098 margine
811 1033 1163 1099 reperiuntur,
1205 1046 1339 1098 quae
1376 1033 1550 1084 minus
1589 1031 1878 1085 secundum
1914 1044 2071 1086 usum
2110 1035 2216 1086 lin-

328 1123 460 1175 guae
488 1109 698 1177 probata
725 1109 980 1162 videntur.
1071 1107 1156 1160 4⁷.
1205 1110 1301 1162 Ex.
1328 1123 1406 1175 gr.
1436 1110 1490 1160 in
1518 1107 1637 1161 libr.
1668 1111 1723 1164 2.
1753 1109 1983 1162 Samuel.
2016 1125 2130 1178 cap.
2161 1113 2213 1164 st.

327 1216 461 1257 vers.
483 1201 569 1260 252.
591 1201 862 1256 scribiturz
901 1205 1060 1294 ’19132
1085 1201 1366 1292 &qq-ng}
1391 1179 1580 1294 Ἷξξῦ
1604 1197 1759 1296 Πῗξζζ
1784 1199 1943 1295 *qvia-t,
1968 1219 2098 1273 qma
2114 1219 2218 1256 rex

330 1299 508 1366 effecit
521 1297 805 1350 secundum
821 1299 1136 1348 sententiam
1153 1299 1240 1348 sui
1255 1299 1399 1348 servi
1410 1334 1424 1359 ,
1464 1312 1597 1363 quae
1616 1299 1933 1348 constructio
1954 1298 2105 1363 plane
2126 1313 2214 1350 re-

332 1377 522 1442 gularis
550 1385 633 1428 est
659 1383 712 1428 et
737 1376 975 1428 convenit
1002 1389 1120 1427 cum
1148 1373 1238 1425 illa
1264 1388 1314 1426 v.
1338 1373 1422 1426 15.
1452 1374 1687 1448 eiusdem
1718 1388 1831 1440 cap.
1900 1373 1973 1425 At
1998 1390 2133 1442 qnae
2160 1376 2215 1428 in

333 1471 559 1536 margine
596 1467 814 1522 habetur
851 1468 1056 1544 (Τῶν
1091 1470 1233 1520 servi
1266 1467 1386 1536 tui)
1424 1483 1529 1520 non
1566 1469 1803 1520 convenit
1838 1481 1957 1520 cnm
1994 1483 2217 1536 persona

330 1562 490 1616 verbi.
561 1563 649 1615 48.
690 1565 779 1616 Sic
806 1566 958 1617 etiam
986 1578 1118 1616 vers.
1141 1563 1237 1616 ult.
1270 1576 1386 1628 cap.
1412 1563 1495 1616 16.
1528 1561 1763 1615 eiusdem
1788 1561 1911 1614 libri
1938 1563 2213 1616 scribitur·

330 1662 453 1722 ῃνῃ
452 1635 602 1737 5333]
643 1640 1054 1753 Ἳ3Ἶ3-5ιςωῗ
1095 1653 1258 1750 Ἶωις
1263 1661 1306 1718 3
1340 1661 1408 1708 ut
1421 1671 1583 1724 quum
1601 1655 1969 1726 consultatori
1988 1663 2069 1709 est
2086 1665 2217 1710 cou-

329 1770 578 1839 sullatur)
595 1771 811 1823 verbum
829 1770 962 1835 Παίς
999 1769 1128 1820 ubi
1113 1784 1166 1822 in
1187 1772 1421 1837 margine
1439 1766 1649 1823 additur
1670 1776 1802 1831 wig<
1822 1771 1941 1838 quis
1959 1784 2055 1840 pro
2074 1769 2217 1824 verbi

332 1866 676 1919 nominativo.
717 1864 860 1930 quod
889 1878 992 1915 non
1022 1865 1151 1915 satis
1177 1870 1415 1916 accurate
1442 1864 1633 1917 factum
1660 1862 1889 1925 videtui-3
1929 1878 2051 1919 nam
2070 1879 2216 1917 com-

329 1944 507 1995 munis
534 1942 692 1995 huius
721 1941 928 2007 linguae
957 1955 1088 1992 usus
1117 1948 1224 2003 est,
1263 1939 1415 1993 verba
1443 1942 1809 2008 impersonalia
1836 1942 1891 1999 in
1919 1943 2067 1993 tertia
2095 1956 2217 2009 per-

329 2033 454 2071 sona
475 2019 754 2085 singularis
771 2018 913 2071 verbi
930 2017 1082 2070 activi
1101 2031 1355 2085 usurpare
1369 2054 1383 2081 ,
1404 2026 1463 2070 ut
1481 2017 1835 2085 grammaticis
1854 2018 2213 2073 notissimum.

328 2097 395 2147 Et
412 2096 482 2149 ad
501 2092 641 2147 hunc
668 2096 884 2148 modum
911 2094 1088 2161 plures
1116 2096 1451 2147 inveniuntur
1486 2103 1663 2159 notae,
1704 2108 1839 2162 quae
1872 2095 2021 2147 nullo
2055 2096 2213 2149 modo

329 2174 550 2241 scriptae
575 2164 786 2227 lectioni
813 2173 1061 2240 praeponi
1091 2180 1333 2239 possunt.
1406 2172 1493 2225 49.
1532 2173 1687 2235 Quod
1717 2179 1893 2224 autem
1920 2172 1986 2224 ad
2020 2186 2216 2225 secun-

328 2250 446 2302 dam
465 2252 716 2302 rationem
735 2249 1131 2301 Pharisaeorum
1151 2250 1351 2312 attinet,
1390 2249 1437 2301 ei
1456 2250 1612 2301 etiam
1634 2264 1693 2301 ex
1710 2249 1865 2301 modo
1884 2248 2039 2301 dictis
2061 2249 2215 2303 facile

331 2327 695 2395 respondetur:
737 2341 927 2393 nempe
955 2326 1098 2393 quod
1127 2326 1331 2379 scribae
1360 2335 1560 2392 praeter
1579 2325 1765 2379 dubias
1784 2326 2036 2380 lectiones
2055 2325 2211 2381 verba

329 2406 482 2457 etiam
505 2404 736 2456 obsoleta
755 2409 1075 2455 notaverunt.
1149 2404 1282 2455 Nam
1304 2418 1407 2455 non
1430 2402 1648 2454 dubium
1671 2410 1776 2467 est,
1816 2404 2016 2470 quinin
2036 2404 2212 2471 lingua

329 2481 592 2545 Hebraea,
615 2481 765 2533 sicuti
785 2481 840 2531 in
861 2480 1103 2546 reliquis,
1135 2482 1301 2533 multa
1330 2478 1561 2531 obsoleta
1589 2485 1641 2531 et
1667 2481 1929 2546 antiquata
1958 2484 2214 2549 posterior

329 2572 459 2609 usus
480 2558 684 2621 feccrit,
716 2564 765 2609 et
786 2562 984 2625 reperta
1007 2558 1194 2609 fuerint
1215 2556 1280 2609 ab
1304 2558 1501 2609 ultimis
1520 2556 1705 2609 scribis
1726 2558 1781 2610 iu
1801 2557 2013 2623 nimiis,
2053 2572 2207 2627 quae,

329 2638 404 2686 uti
421 2635 674 2700 diximus,
712 2636 888 2686 omnia
921 2641 1247 2698 notaverunt,
1290 2642 1350 2685 ut
1369 2649 1540 2687 coram
1558 2634 1751 2702 populo
1770 2636 2059 2687 secundnm
2096 2642 2209 2688 tum

328 2736 588 2796 receptum
605 2742 763 2781 usum
785 2730 1098 2795 legerentur.
1191 2730 1274 2781 50.
1315 2730 1427 2781 Hac
1443 2730 1599 2796 igitur
1618 2729 1683 2781 de
1702 2742 1859 2781 causa
1881 2736 2069 2781 nomen
2090 2734 2206 2808 Ἓξ

325 2825 537 2889 nahgar
553 2822 747 2889 ubique
765 2830 1000 2875 notatum
1021 2825 1293 2890 reperitur,
1331 2825 1453 2890 quia
1474 2825 1761 2891 antiquitus
1784 2824 2078 2891 communis
2100 2834 2209 2875 erat

327 2902 529 2966 generis
553 2906 604 2952 et
620 2901 758 2951 idem
777 2898 1113 2967 significabat,
1130 2900 1272 2966 quod
1294 2900 1431 2968 apud
1450 2902 1661 2952 Latinos
1680 2902 1903 2951 iuvenis.
1944 2900 2033 2951 Sic
2052 2902 2208 2952 etiam

329 2994 686 3047 Hebraeorum
721 2994 1020 3061 metropolis
1059 2994 1226 3047 vocari
1264 2994 1403 3061 apud
1437 2994 1677 3059 antiquos
1714 2992 1915 3046 solebat
1952 2971 2202 3057 nffiw-fflv

327 3099 642 3162 Ierusalem,
698 3112 802 3151 uon
836 3104 1011 3151 autem
1049 3074 1329 3162 &Stel-'m'
1368 3096 1700 3151 Ierusalat‘m.
1791 3097 1866 3147 De
1898 3097 2204 3163 pronomine
