2548 3485
1258 0 1335 18 Ὗ*

1123 182 1260 229 ΘΔΡ.
1312 179 1424 229 xV.
2088 176 2214 237 205

334 374 442 429 eos,
470 374 575 413 non
620 358 823 427 absque
866 359 1065 412 ratione
1110 361 1318 413 studere
1361 358 1644 425 theologiae
1691 356 1836 410 firma
1879 357 2215 411 fundamenta

332 440 501 491 iacere
516 478 531 502 ,
554 452 774 505 eamque
792 437 1149 490 mathematice
1167 438 1518 490 demonstrare
1537 437 1730 488 conari.
1805 436 1937 499 Quis
1955 438 2092 489 enim
2115 438 2216 488 nisi

335 516 639 584 desperatus
676 524 725 567 ct
764 516 979 567 insanus
1014 516 1197 568 rationi
1230 523 1424 567 temere
1452 513 1733 567 valedicere
1755 514 1931 579 vellet,
1974 514 2052 566 vel
2081 523 2246 565 artes·

338 602 389 647 et
416 594 657 646 scientias
685 598 1015 646 contemnere
1044 600 1094 644 et
1111 594 1326 645 rationis
1348 591 1708 644 certitudinem
1729 589 1952 658 negare?
2021 591 2108 643 39.
2146 590 2217 641 At

335 670 542 724 interim
563 685 653 723 eos
676 670 916 735 absolute
932 684 1296 723 excusare-non
1319 684 1628 739 possumus,
1671 668 2094 736 quandoquidem
2123 680 2212 719 ra-

336 749 528 801 tionem
552 750 603 801 in
625 748 877 810 auxilium
892 761 1071 811 vocare
1092 748 1272 800 volunt
1289 748 1356 799 ad
1374 746 1592 799 eandem
1614 746 1958 814 repellendam
1975 785 1988 808 ‚
2013 752 2062 797 et
2081 750 2214 796 certa

337 826 533 878 ratione
560 826 779 877 eandem
817 824 1063 878 incertam
1104 825 1318 877 reddere
1357 833 1628 889 conantur.
1697 825 1811 875 Imo
1847 823 1972 875 dum
2007 822 2218 875 student

336 902 1263 963 mathematicisdemonstrationibus
1279 902 1569 969 ,theologiae
1587 902 1850 953 veritatem
1871 908 1920 951 et
1939 900 2218 952 auctorita-

325 988 441 1036 tem
463 980 733 1033 ostendere
746 1018 761 1041 ‚
800 986 852 1031 et
870 980 1053 1032 rationi
1074 987 1123 1031 et
1142 979 1332 1031 lum'ini
1354 980 1573 1031 naturali
1594 978 1949 1031 auctoritatem
1969 978 2211 1041 adimere,

336 1056 461 1108 nihil
480 1058 621 1110 aliud
640 1058 864 1119 faciunt,
893 1046 1049 1124 quarn
1071 1058 1239 1124 ipsam
1260 1055 1568 1123 theologiam
1589 1054 1687 1107 sub
1707 1056 1924 1107 rationis
1942 1055 2214 1120 imperium

334 1134 563 1196 trahere,
618 1141 671 1187 et
706 1134 859 1203 plane
894 1132 1137 1186 videntur
1172 1146 1493 1201 supponere,
1542 1132 1827 1199 theologiae
1861 1137 2215 1185 auctoritatem

333 1211 537 1263 nullum
559 1210 745 1263 habere
768 1211 1097 1279 splendorem
1112 1249 1127 1272 ,
1166 1211 1267 1261 nisi
1297 1209 1496 1263 lumine
1515 1210 1734 1261 naturali
1756 1209 1968 1262 rationis
1989 1208 2218 1261 illustre·-

336 1282 441 1340 tur.
513 1288 600 1341 40.
634 1289 701 1339 Et
728 1290 773 1340 si
800 1296 975 1341 contra
994 1290 1182 1341 iactant
1200 1302 1257 1339 se
1276 1288 1478 1340 interno
1498 1288 1714 1355 spiritus
1733 1286 1897 1338 sancti
1922 1287 2216 1337 testimonio

336 1365 550 1416 omnino
580 1366 937 1431 acquiescere,
976 1372 1027 1417 et
1056 1364 1195 1416 nulla
1222 1364 1320 1416 alia
1350 1365 1414 1417 de
1443 1378 1598 1417 causa
1625 1364 1874 1417 rationem
1894 1364 1947 1413 in
1967 1364 2214 1415 auxilium

334 1456 512 1494 vocare
526 1480 541 1504 ‚
581 1458 737 1510 quam
759 1450 966 1509 propter
984 1441 1223 1494 infideles
1238 1480 1251 1501 ‚
1283 1439 1349 1493 ad
1369 1442 1579 1495 eosdem
1599 1441 1796 1495 scilicet
1813 1440 2210 1505 convincendos-³,

335 1519 407 1571 nil
437 1526 607 1571 tamen
639 1520 760 1573 fidei
788 1532 965 1571 eorum
998 1520 1153 1571 dictis
1182 1518 1504 1572 habendum.
1579 1520 1709 1570 Nam
1737 1519 1840 1571 iam
1873 1517 2020 1569 facile
2038 1524 2218 1569 osten·

335 1595 457 1649 dere
486 1610 799 1663 possumus,
840 1610 930 1659 eos
961 1597 1037 1649 vel
1070 1611 1129 1649 ex
1152 1596 1422 1651 affectibus
1457 1596 1537 1648 vel
1574 1610 1701 1648 vana
1739 1594 1898 1661 gloria
1935 1595 1988 1646 id
2026 1593 2214 1645 dicere.

336 1674 425 1727 41.
462 1670 539 1726 Ex
566 1671 905 1742 praecedente
932 1675 1073 1725 enim
1092 1674 1260 1740 capite
1281 1674 1664 1726 evidentissime
1681 1673 1920 1738 sequitur
1939 1672 2021 1741 ¹),
2060 1672 2218 1738 spiri-

334 1759 445 1803 tum
476 1760 713 1806 sanctum
746 1765 849 1803 non
871 1752 971 1803 nisi
990 1751 1055 1805 de
1075 1751 1227 1804 bonis
1248 1752 1496 1818 operibus
1515 1751 1870 1804 testimonium
1893 1751 2040 1810 dare3
2083 1764 2218 1816 quae

338 1831 492 1880 etiam
512 1829 710 1891 Paulus
739 1828 857 1880 ideo
877 1829 932 1880 in
953 1829 1107 1896 epist.
1130 1825 1194 1880 a'd
1217 1829 1385 1882 Galat.
1409 1844 1523 1898 cap.
1546 1832 1596 1881 5.
1619 1843 1752 1881 vers.
1775 1829 1862 1883 22.
1885 1829 2084 1881 fructus
2103 1828 2219 1893 spi-

336 1905 465 1956 ritus
492 1906 657 1957 sancti
686 1912 854 1968 vocat,
896 1914 947 1957 et
976 1907 1089 1973 ipse
1120 1920 1292 1959 revera
1322 1905 1446 1959 nihil
1478 1905 1619 1957 aliud
1639 1914 1719 1956 est
1738 1912 1936 1973 praeter
1955 1905 2112 1956 animi
2130 1919 2219 1955 ac·-

336 1981 708 2047 quiescentiam
723 2021 737 2044 ,
770 1998 901 2048 quae
920 1997 978 2034 ex
1000 1983 1153 2034 bonis
1173 1982 1470 2034 actionibus
1491 1984 1544 2034 in
1567 1991 1738 2034 mente
1759 1984 1940 2035 oritur.
2014 1985 2101 2035 42.
2139 1982 2216 2032 De

334 2059 544 2110 veritate
573 2067 745 2110 autem
774 2067 825 2110 et
854 2061 1161 2112 certitudine
1181 2074 1385 2122 rerum,
1425 2074 1560 2126 quae
1579 2060 1744 2112 solius
1765 2057 2218 2125 suntspeculatio-

332 2138 445 2199 nis,
487 2135 665 2188 nullus
684 2136 899 2203 spiritus
918 2136 1277 2190 testimonium
1297 2137 1384 2188 dat
1402 2144 1603 2203 praeter
1620 2137 1866 2188 rationem
1885 2173 1898 2196 ,
1929 2148 2061 2202 qnae
2081 2134 2209 2196 sola,

332 2214 514 2266 utiam
532 2213 863 2266 ostendimus
878 2215 961 2282 ²),
1002 2216 1231 2267 veritatis
1255 2229 1472 2280 regnum
1494 2213 1595 2265 sibi
1617 2211 1912 2265 vindicavit.
1986 2212 2040 2264 Si
2061 2226 2217 2278 quem

334 2305 453 2358 ergo
499 2299 700 2358 praeter
743 2291 882 2342 hunc
927 2292 1163 2358 spiritum
1210 2292 1535 2344 contendunt
1577 2289 1790 2351 habere,
1836 2290 1928 2356 qul
1972 2291 2114 2357 ipsos
2154 2289 2218 2341 de

334 2369 540 2420 veritate
568 2375 737 2420 certos
770 2367 965 2433 reddit,
1006 2367 1060 2420 ld
1092 2367 1221 2422 falso
1252 2371 1469 2431 iactant,
1509 2375 1560 2420 et
1586 2383 1687 2419 non
1717 2368 1816 2441 nisi
1845 2381 1906 2420 ex
1941 2367 2216 2440 affectuum
2313 2370 2322 2379 “

335 2446 667 2511 praeiudicio,
680 2444 967 2510 loquuntur
981 2443 1005 2508 ,’
1033 2445 1110 2498 vel
1140 2462 1265 2513 prae
1295 2461 1483 2514 magno
1514 2446 1712 2510 timore,
1753 2441 1874 2497 ne'a
1893 2444 2218 2512 philosophis

334 2524 603 2574 vincantur
630 2528 681 2574 et
708 2521 915 2587 publice
933 2523 1061 2573 risui
1082 2534 1428 2591 exponantur,
1469 2525 1533 2576 ad
1555 2538 1697 2576 sacra
1717 2523 2040 2590 confugiunt.
2115 2519 2214 2573 Sed

336 2599 549 2660 frustra3
591 2612 710 2650 narn
730 2613 888 2666 quam
908 2612 1049 2650 aram
1070 2600 1173 2652 sibi
1196 2616 1373 2667 parare
1394 2607 1588 2667 potest,
1631 2602 1720 2667 qui
1741 2601 1955 2652 rationis
1973 2601 2216 2650 maiesta-

334 2683 437 2746 tem
476 2674 666 2728 laedit?
752 2677 839 2728 43.
884 2678 1079 2730 Verum
1116 2692 1205 2730 eos
1244 2681 1435 2731 missos
1473 2679 1630 2742 facio,
1671 2673 2095 2746 quandoquidem
2131 2689 2218 2727 me

336 2768 480 2806 meae
516 2767 703 2804 causae
738 2754 1053 2806 satislecisse
1089 2764 1242 2821 puto,
1295 2756 1434 2822 quod
1473 2756 1815 2818 ostenderim,
1865 2769 1970 2822 qua
2007 2755 2216 2804 ratione

328 2831 663 2898 philosophia
692 2847 727 2882 a
755 2831 1026 2896 theologia
1054 2833 1354 2898 separanda
1379 2835 1474 2896 sit,
1517 2838 1572 2884 et
1596 2837 1653 2883 in
1680 2848 1784 2898 quo
1811 2831 2218 2897 utraquepotis-

330 2911 522 2960 simum
556 2909 838 2972 consistat,
884 2913 941 2960 et
972 2909 1118 2976 quod
1148 2915 1340 2962 neutra
1372 2913 1552 2962 neutri
1587 2909 1912 2972 ancilletur,
1946 2907 2040 2960 sed
2077 2904 2217 2974 quod

334 3101 347 3132 r
438 3098 479 3145 ι)
518 3095 616 3138 Vid.
640 3107 741 3150 cap.
766 3095 828 3138 14.
850 3097 892 3147 ς.
916 3097 981 3139 17.

436 3155 479 3206 2)
516 3155 615 3198 Vid.
638 3166 739 3210 cap.
762 3157 823 3195 14.
848 3157 886 3206 §.
909 3157 974 3196 38.
998 3163 1043 3200 et
1062 3167 1163 3212 cap.
1186 3159 1249 3198 15.
1274 3158 1312 3208 §.
1333 3159 1399 3198 21.
