2548 3485
380 140 462 197 42
593 192 596 197 ,
781 143 1174 189 ΤηΔοΤΑΤυε
1212 140 1869 188 ΤΗΕοιοαιοο-Ροιιτ.

379 322 456 372 De
484 321 597 372 eius
626 316 802 373 autem
831 328 1010 373 natura
1041 320 1169 372 nibil
1197 319 1339 371 aliud
1369 319 1569 383 docuit,
1611 334 1766 386 quam
1798 320 1939 385 quod
1969 321 2037 372 sit
2060 322 2269 373 miseri-

381 412 514 463 σοι-3,
548 396 807 465 benignus
827 406 926 451 etc.
947 406 999 449 et
1015 412 1222 451 summe
1239 397 1533 465 zei-otypuS‚
1576 406 1633 450 ut
1650 412 1710 449 ex
1724 398 1964 463 plurimis
1986 397 2111 449 locis
2131 400 2269 451 Pen-

379 476 604 543 tateucbi
635 483 856 527 constat.
928 477 1132 529 Deinde
1161 475 1379 526 credidit
1406 483 1459 527 et
1478 476 1673 537 docuit,
1710 474 1805 525 boc
1822 489 1919 526 ens
1936 474 2002 526 ab
2022 476 2271 527 omnibus

379 552 496 605 aliis
515 553 724 605 entibus
743 554 812 604 ita
836 552 1066 615 differre,
1108 558 1168 603 ut
1197 552 1340 603 nulla
1359 553 1585 619 imagine
1602 552 1821 604 alicuius
1842 552 1917 603 rei
1936 553 2075 605 visae
2093 560 2273 619 posset

379 630 620 697 exprimi,
659 644 756 682 neo
795 631 952 681 etiam
987 630 1176 691 videri,
1215 644 1319 681 non
1359 636 1462 681 tam
1497 636 1707 696 propter
1744 630 1816 681 rei
1855 632 2266 696 repugnantiam,

381 722 540 773 quam
569 714 778 775 propter
807 706 1088 759 humanam
1117 706 1548 767 imbecillitatem3
1589 712 1637 757 et
1663 714 1925 773 praeterea
1954 708 2150 760 ratione
2168 722 2269 775 po-

380 786 595 847 tentiae,
635 783 895 851 singulare
922 785 1000 836 vel
1031 786 1245 836 unicum
1273 798 1411 836 esse.
1485 783 1568 833 37.
1608 783 1880 836 concessit
1908 784 2119 851 quidem
2159 786 2270 839 dari

380 864 512 913 entia
532 900 546 923 ,
570 877 700 927 quae
722 860 864 926 (sine
885 860 1043 913 dubio
1063 876 1124 913 ex
1143 861 1319 915 ordine
1339 868 1390 912 et
1408 860 1649 912 mandato
1668 860 1794 930 Dei)
1814 863 1977 914 vicem
2005 864 2101 914 Dei
2120 877 2271 929 gere-

378 936 531 1003 bant,
574 938 670 991 hoc
689 946 770 990 est
785 978 800 1001 ,
841 941 978 990 entia
998 938 1194 1005 quibus
1213 939 1358 989 Deus
1378 938 1728 989 auctoritatem
1744 977 1759 1002 ,
1800 940 1884 991 ius
1904 946 1956 991 et
1985 942 2268 1007 potentiam

379 1015 523 1066 dedit
551 1015 613 1067 ad
645 1015 940 1083 dirigendas
967 1018 1204 1068 nationes
1233 1023 1285 1067 et
1310 1017 1375 1067 iis
1396 1014 1772 1082 providendum
1792 1022 1844 1068 et
1863 1016 2179 1077 curandum,
2165 1034 2179 1046 ·
2219 1023 2272 1067 at

379 1092 477 1144 boc
505 1107 628 1155 ens,
669 1093 810 1158 quod
840 1094 1006 1145 colere
1032 1088 1371 1156 tenebantur,
1404 1106 1671 1147 summum
1702 1100 1753 1145 et
1778 1108 2081 1161 supremum
2100 1096 2268 1145 Deum

379 1169 514 1231 sive,
555 1177 615 1221 ut
632 1170 987 1224 Hebraeorum
1009 1170 1182 1237 phrasi
1202 1178 1347 1234 utar,
1385 1172 1555 1223 Deum
1585 1171 1798 1222 deorum
1830 1186 1945 1223 esse
1975 1171 2177 1232 docuit,
2220 1178 2271 1221 et

378 1257 495 1308 ideo
532 1257 584 1307 in
617 1258 816 1309 cantico
845 1256 1009 1308 Exodi
1047 1258 1190 1324 (cap.
1216 1258 1301 1308 15.
1332 1271 1381 1308 ν.
1405 1257 1520 1325 11.)
1550 1256 1702 1307 dixit:
1742 1232 1926 1345 05352
1960 1252 2266 1319 fijan-ty)

378 1352 526 1415 mni
565 1354 685 1419 quis
716 1354 858 1402 inter
891 1351 1015 1403 deos
1052 1354 1134 1401 tui
1167 1351 1387 1416 similis,
1426 1351 1652 1403 Ieltova?
1718 1350 1787 1402 Et
1823 1353 1955 1402 Ietro
1992 1323 2147 1417 (neap
2183 1350 2264 1400 18.

375 1470 424 1506 v.
461 1456 542 1508 11
558 1456 614 1524 )
671 1434 989 1544 mnsam-
995 1435 1132 1515 5:²2
1188 1455 1340 1545 mn}
1392 1430 1645 1519 bru-m
1693 1456 1908 1544 ἠις-ιζ
1932 1457 2073 1542 mma
2128 1468 2267 1503 mmo

375 1553 526 1612 novi,
580 1548 724 1617 quod
755 1522 946 1599 Ieho'va
979 1523 1156 1598 ηιᾶἰοι·
1192 1554 1272 1598 est
1308 1549 1547 1597 omnibus
1581 1548 1715 1611 diis,-
1760 1547 1858 1598 hoc
1898 1553 2004 1611 est,
2054 1547 2265 1598 tandem

379 1642 531 1692 cogor
564 1626 702 1679 Mosi
740 1624 1048 1687 concedere,
1090 1624 1230 1690 quod
1259 1624 1444 1676 Iehova
1482 1626 1645 1675 maior
1679 1631 1758 1675 est
1795 1623 2041 1675 omnibus
2078 1623 2177 1675 diis
2215 1630 2268 1674 et

379 1703 605 1770 potentia
642 1702 912 1768 singulari.
983 1702 1068 1753 An
1105 1715 1224 1754 vero
1251 1703 1431 1756 Moses
1461 1700 1586 1754 haec
1614 1702 1776 1768 entia,
1819 1716 1951 1770 quae
1982 1701 2143 1754 vicem
2168 1702 2265 1754 Dei

379 1779 648 1846 gerebant,
689 1795 718 1831 a
738 1782 848 1831 Deo
869 1785 1036 1831 creata
1056 1793 1172 1830 esse
1191 1780 1494 1843 crediderit,
1533 1779 1756 1832 dubitari
1778 1786 1972 1846 potest:
2026 1780 2267 1844 quando·-

379 1856 594 1922 quidem
633 1857 699 1908 de
736 1871 914 1908 eorum
953 1857 1212 1908 creatione
1247 1865 1301 1908 et
1345 1858 1599 1924 principio
1642 1856 1798 1919 nihil,
1856 1855 1997 1923 quod
2045 1857 2260 1918 scimus,

379 1934 578 1984 dixerit.
653 1935 737 1985 38.
776 1933 966 1985 Docuit
985 1941 1272 2000 praeterea,
1315 1933 1411 1986 hoc
1438 1949 1533 1985 ens
1561 1935 1819 1986 mundum
1848 1932 1987 1985 hunc
2006 1932 2265 1985 visibilem

379 2025 438 2062 ex
455 2010 582 2062 chao
600 2009 745 2078 (vide
767 2010 900 2062 Gen.
922 2025 1034 2078 cap.
1062 2013 1112 2064 1.
1134 2026 1184 2063 v.
1203 2011 1287 2079 2.)
1306 2012 1360 2063 in
1384 2011 1616 2064 ordinem
1636 2011 1923 2077 redegisse,
1959 2012 2266 2077 seminaque

377 2095 593 2140 naturae
620 2088 901 2152 indidisse,
939 2089 1173 2154 adeoque
1205 2089 1258 2139 in
1290 2090 1462 2140 omnia
1498 2104 1765 2142 summum
1792 2089 1877 2141 ius
1916 2096 1967 2140 et
2002 2102 2264 2141 summam

376 2167 661 2232 potentiam
699 2164 920 2228 habere,
959 2172 1010 2216 et
1048 2165 1200 2233 (vide
1235 2167 1392 2217 Deut.
1433 2181 1547 2234 cap.
1573 2168 1654 2218 10.
1688 2180 1736 2218 v.
1762 2166 1995 2234 14.15.)
2035 2181 2129 2232 pro
2168 2165 2268 2217 hoc

378 2257 586 2295 summo
614 2258 712 2296 suo
746 2245 857 2295 iure
885 2250 935 2294 et
958 2243 1184 2309 potentia
1221 2243 1322 2294 sibi
1351 2244 1445 2295 soli
1473 2243 1828 2296 Hebraeorum
1859 2243 2119 2295 nationem
2156 2243 2269 2294 ele-

375 2321 515 2385 gisse
535 2327 829 2387 certamque
850 2319 1030 2371 mundi
1049 2320 1250 2386 plagam
1274 2321 1411 2382 (vide
1431 2322 1585 2372 Dent.
1608 2335 1720 2387 cap.
1736 2323 1786 2372 4.
1811 2335 1857 2372 v.
1876 2319 1957 2372 1⁰.
1980 2325 2029 2372 et
2050 2333 2163 2386 cap.
2179 2320 2263 2372 32.

374 2411 425 2448 v.
446 2397 498 2447 8.
519 2397 632 2466 9.),
672 2398 898 2463 reliquas
927 2405 1100 2449 autem
1139 2399 1375 2449 nationes
1413 2405 1463 2450 et
1500 2399 1734 2464 regiones
1772 2398 1907 2448 curis
1944 2396 2265 2463 reliquorum

375 2474 592 2525 deorum
627 2489 656 2524 a
695 2488 752 2525 se
788 2474 1187 2526 substitutorum
1226 2475 1524 2541 reliquisse;
1566 2483 1615 2526 et
1652 2476 1768 2527 ideo
1795 2476 1939 2527 Deus
1968 2474 2173 2524 Israelis
2212 2481 2267 2524 et

374 2554 519 2603 Deus
538 2551 924 2617 Hierosolymae
945 2551 1194 2618 (Paralip.
1217 2551 1311 2603 lib.
1332 2555 1383 2606 2.
1408 2553 1617 2620 cap.32.
1641 2567 1690 2603 v.
1706 2551 1840 2620 190,
1882 2551 2065 2617 reliqui
2088 2559 2264 2601 autem

376 2630 448 2680 dii
477 2628 789 2694 reliquarum
819 2631 1088 2680 nationum
1126 2629 1196 2679 dii
1234 2630 1593 2700 vocabantur.-
1638 2629 1724 2679 39.
1764 2629 1830 2678 Et
1864 2626 1960 2678 hac
2002 2629 2154 2680 etiam
2197 2627 2264 2677 de

377 2721 533 2758 causa
566 2703 844 2759 credebant
859 2705 1038 2758 Iudaei
1058 2707 1317 2771 regionem
1338 2706 1507 2768 illam,
1546 2719 1700 2771 quam
1721 2706 1865 2756 Deus
1886 2704 1987 2756 sibi
2019 2705 2261 2770 elegerat,

377 2783 574 2836 cultum
593 2784 688 2835 Dei
717 2782 1032 2847 singularem
1061 2790 1110 2835 et
1137 2781 1201 2834 ab
1230 2782 1445 2834 aliarum
1476 2783 1740 2848 regionum
1769 2783 1909 2834 cultu
1939 2797 2147 2848 prorsus
2179 2781 2266 2832 di-

378 2874 578 2910 versam
615 2861 902 2925 requirere:
950 2859 1056 2910 imo
1093 2873 1189 2910 nec
1226 2873 1381 2925 posse
1418 2860 1522 2925 pati
1558 2859 1753 2910 cultum
1789 2859 2005 2911 aliorum
2044 2859 2262 2910 deorum

377 2936 596 3001 aliisque
616 2935 915 3003 regionibus
933 2937 1223 3004 proprium.
1297 2938 1425 2989 Nam
1447 2945 1623 3002 gentes
1652 2937 1767 2988 illae
1782 2977 1796 2999 ,
1837 2951 1967 3002 quas
1988 2950 2072 2987 rex
2091 2935 2265 3002 Assy-

377 3012 482 3063 riae
499 3013 552 3060 in
572 3012 880 3065 Iudaeorum
909 3020 1068 3066 terras
1097 3013 1268 3077 duxit,
1308 3012 1647 3066 credebantur
1674 3030 1701 3066 a
1734 3013 1974 3066 leonibus
2001 3013 2257 3079 dilaniari,

381 3088 501 3152 quia
529 3088 726 3140 cultum
747 3090 961 3144 deorum
981 3091 1122 3144 illius
1141 3100 1304 3145 terrae
1323 3093 1648 3159 ignorabant.
1721 3091 1848 3144 Vide
1867 3091 1959 3144 lib.
1982 3093 2035 3148 2.
2054 3093 2261 3157 Regum
