2548 3485
1130 188 1267 235 car.
1311 186 1454 235 xix.
1790 232 1796 237 .
2077 142 2084 149 ’
2109 188 2227 249 261

352 370 511 423 sicuti
554 370 725 436 ipsam
760 367 1246 429 determinaverant,
1295 366 1441 433 ipsos
1478 360 1814 433 imperatores
1840 367 2030 420 docere
2067 368 2238 421 debu-

352 454 506 501 erunt
522 486 536 509 ,
574 460 633 499 ex
651 460 754 511 quo
772 444 921 496 facile
940 442 1173 496 obtinere
1192 450 1476 510 potuerunt
1489 483 1503 507 ,
1539 450 1598 495 ut
1615 444 1730 497 eius
1747 445 1986 498 doctores
2003 453 2056 499 et
2073 446 2238 498 inter·-

352 532 525 592 protes
538 562 553 587 ‚
575 530 625 575 et
642 529 903 589 praeterea
921 522 1169 574 eccles-iae
1189 527 1426 588 pastores
1443 527 1496 573 et
1511 522 1662 588 qnasi
1678 522 1774 574 Dei
1794 524 1966 575 vicarii
1987 538 2238 591 agnosce-

354 610 556 662 rentum
586 606 640 653 et
658 613 725 651 ne
740 607 923 667 postea
943 611 1091 665 reges
1110 598 1389 651 Christiani
1409 597 1542 650 hane
1559 598 1661 651 sibi
1678 602 2032 654 auctoritatem
2054 615 2236 667 capere

354 686 599 746 possent,
638 679 833 745 optime
866 676 970 727 sibi
1006 683 1247 728 caverunt
1285 676 1651 739 ecclesiastici,
1691 678 2015 745 prohibendo
2041 678 2238 731 scilicet

352 754 737 807 matrimonium
774 754 1032 820 supremis
1065 752 1311 805 ecclesiae
1348 753 1598 805 ministris
1623 768 1937 821 summoque
1974 755 2236 821 religionis

352 832 634 899 interpreti.
708 832 795 883 54.
833 831 914 883 Ad
935 828 1077 896 quod
1108 836 1371 897 praeterea
1399 832 1641 895 accessit,
1681 833 1823 899 quod
1849 832 2122 898 religionis
2140 832 2238 883 do-

350 916 518 976 gmata
536 909 603 961 ad
623 916 725 961 tam
746 921 994 975 magnum
1017 922 1290 959 numerum
1315 916 1560 961 auxerant
1587 916 1638 961 et
1665 924 1784 981 eum
1812 908 2138 977 philosophia
2165 910 2238 961 ita

351 986 717 1048 contuderant,
759 993 817 1037 ut
846 994 1087 1037 summus
1119 986 1235 1037 eius
1262 985 1520 1053 interpres
1547 1000 1786 1038 summus
1820 985 2158 1054 philosophus
2187 992 2238 1037 et

348 1064 619 1131 theologus
650 1078 770 1117 esse
796 1072 847 1115 et
866 1062 1104 1129 plurimis
1121 1062 1396 1115 inutilibus
1415 1064 1860 1131 speculationibus
1878 1078 2056 1117 vacare
2075 1062 2238 1115 debe-

349 1148 450 1203 ret,
495 1141 637 1209 quod
668 1144 895 1192 tantum·
907 1140 1029 1191 viris
1063 1140 1273 1205 privatis
1309 1147 1361 1191 et
1387 1142 1492 1191 otio
1518 1140 1904 1193 abundantibus
1939 1142 2237 1206 contingere

350 1226 538 1288 potest.
612 1221 697 1271 55.
733 1216 805 1269 At
822 1216 961 1284 apud
978 1215 1249 1269 Hebraeos
1266 1217 1420 1286 longe
1439 1216 1688 1277 aliteri-es
1705 1232 1822 1270 sese
1838 1217 2034 1271 hahuit.
2105 1220 2236 1269 Nam

310 1320 318 1328 ·
349 1311 530 1349 eornm
557 1296 773 1359 ecclesia
800 1294 958 1347 simul
988 1307 1109 1345 cum
1137 1294 1358 1361 imperio
1385 1294 1604 1361 incepit,
1641 1302 1693 1345 et
1707 1298 1915 1358 Mosae,
1953 1296 2116 1363 quiid
2137 1295 2237 1347 ab·

296 1384 303 1391 ·
348 1374 519 1425 solute
540 1373 767 1436 tenebat,
792 1370 1051 1440 ‚populum
1072 1369 1372 1437 religionem
1393 1371 1595 1433 docuit,
1625 1386 1770 1424 saera
1789 1374 2077 1427 ministeria
2095 1372 2238 1425 ordi-

350 1452 512 1515 navit,
550 1463 834 1517 eorumque
861 1448 1125 1500 ministros
1152 1448 1322 1515 elegit.
1396 1449 1532 1501 Hinc
1551 1450 1708 1515 igitur
1723 1458 1899 1502 contra
1921 1449 2113 1501 factum
2135 1457 2232 1513 est,

346 1534 408 1580 ut
432 1528 710 1582 auctori-tas
737 1528 873 1593 regia
901 1523 1041 1593 apud
1070 1525 1326 1592 populum
1355 1526 1574 1579 maxime
1600 1528 1816 1587 valuerit
1844 1534 1895 1580 et
1922 1534 1979 1579 ut
1995 1528 2080 1579 ius
2100 1529 2236 1579 cirea

347 1619 491 1659 sacra
522 1618 667 1671 reges
692 1604 912 1657 maxime
941 1603 1221 1655 tenuerint.
1295 1603 1383 1657 5⁶.
1420 1604 1550 1656 Nam
1588 1606 1826 1671 quamvis
1863 1611 1982 1672 post
2016 1610 2236 1657 mortem

344 1685 511 1737 Mosis
528 1696 683 1756 penno
700 1682 979 1750 imperium
997 1680 1234 1733 absolute
1255 1682 1493 1744 tenuerit,
1521 1682 1607 1733 ius
1627 1690 1798 1734 tamen
1817 1681 2110 1735 decretandi
2133 1676 2236 1733 tam

351 1763 485 1812 circa
504 1775 681 1824 sacra,
722 1775 877 1828 qnam
907 1760 1042 1811 eirca
1061 1757 1257 1826 reliqua
1277 1773 1438 1826 penes
1459 1761 1744 1827 principem
1767 1759 1863 1829 (ut
1879 1761 1982 1812 iam
2003 1759 2236 1812 ostendi-

350 1837 498 1910 mus)
520 1845 627 1889 erat
638 1838 724 1907 *);
752 1836 981 1899 deinde,
1012 1843 1073 1888 ut
1092 1835 1322 1904 populus
1339 1836 1640 1902 religionem
1659 1844 1710 1889 et
1729 1838 1968 1906 pietatem
1991 1837 2236 1889 edocere-

349 1921 461 1977 tur,
500 1929 603 1966 non
634 1915 797 1981 magis
813 1911 1137 1981 pontificem,
1178 1927 1336 1980 qnam
1363 1927 1666 1979 supremum
1685 1915 1912 1986 iudicem
1932 1914 2070 1968 adire
2090 1920 2238 1966 tene-

347 1989 521 2043 hatur.
590 1991 721 2044 Vide
756 1993 913 2043 Dent.
950 2005 1067 2057 cap.
1108 1989 1193 2044 17.
1228 2003 1364 2043 vers.
1384 1991 1608 2044 9-11.
1682 1991 1767 2044 57.
1804 1994 1972 2082 Reges
2007 1992 2235 2057 denique

348 2069 585 2135 quamvis
613 2083 715 2120 non
746 2068 958 2134 aequale
984 2082 1045 2120 ac
1070 2070 1249 2121 Moses
1274 2069 1361 2120 ius
1389 2065 1688 2130 habuerint,
1730 2069 1900 2120 omnis
1929 2076 2100 2120 tamen
2129 2067 2236 2120 sere

346 2147 479 2199 sacri
506 2146 777 2198 ministerii
798 2146 923 2198 ordo
943 2152 995 2198 et
1010 2143 1191 2197 electio
1212 2143 1278 2197 ab
1297 2158 1476 2197 eorum
1500 2144 1705 2198 decreto
1723 2143 1998 2212 pendebat.
2068 2144 2232 2196 David

349 2225 487 2274 enim
517 2222 762 2276 fabricam
790 2223 971 2290 templi
992 2229 1151 2274 totam
1170 2223 1514 2293 concinnavit.
1585 2221 1716 2275 Vide
1734 2222 1961 2290 Paralip.
1981 2221 2020 2274 l.
2044 2225 2092 2275 1.
2115 2235 2230 2288 cap.

346 2301 433 2355 28.
456 2315 586 2352 vers.
611 2302 695 2353 11.
722 2301 927 2354 12aetc.
1000 2299 1074 2352 Ex
1104 2298 1352 2352 omnibus
1381 2299 1786 2354 deindeLevitis
1817 2299 1993 2367 viginti
2012 2305 2234 2365 quatuor

347 2376 508 2430 millia
549 2378 703 2443 elegit
728 2377 794 2428 ad
820 2376 1179 2444 psallendum,
1216 2383 1271 2428 et
1299 2391 1389 2430 sex
1415 2376 1604 2437 millia,
1647 2392 1706 2429 ex
1731 2376 1926 2444 quibus
1951 2377 2154 2429 indices
2183 2383 2234 2428 et

348 2461 609 2521 praetores
635 2454 975 2521 eligerentur;
1017 2461 1238 2520 quatuor
1265 2454 1453 2506 deinde
1480 2454 1646 2506 millia
1672 2455 1977 2521 ianitorum,
2019 2461 2072 2508 et
2097 2469 2232 2522 qua-

350 2539 469 2582 tuor
503 2531 727 2597 dem‘que
763 2531 953 2593 millia,
994 2531 1087 2598 qni
1123 2531 1330 2596 organis
1364 2539 1624 2584 cancrent.
1695 2532 1826 2586 Vide
1853 2533 2086 2585 eiusdem
2111 2532 2232 2602 libri

351 2621 463 2673 cap.
486 2608 573 2662 23.
602 2622 717 2660 vers
736 2609 787 2660 4.
812 2611 865 2660 5.
938 2607 1022 2660 58.
1060 2608 1218 2658 Porro
1246 2606 1458 2660 eosdem
1479 2611 1533 2660 in
1555 2608 1790 2662 cohortes
1810 2609 2058 2680 (quarum
2079 2611 2232 2660 etiam

350 2685 619 2752 primarios
638 2684 817 2753 elegit)
839 2685 1027 2748 divisit,
1054 2691 1115 2736 ut
1133 2693 1478 2752 unaquaeqne
1499 2699 1596 2738 suo
1615 2693 1844 2754 tempore
1865 2688 2080 2741 servatis
2096 2686 2228 2738 vici-

350 2763 451 2814 bus
470 2760 868 2816 administraret.
923 2763 1053 2814 Vide
1070 2775 1204 2814 verS.
1226 2763 1279 2814 6.
1301 2763 1533 2815 eiusdem
1552 2776 1667 2832 cap.
1721 2764 2028 2818 Sacerdotes
2049 2761 2230 2815 itidem

347 2841 401 2892 in
439 2844 513 2890 tot
540 2838 774 2891 cohortes
804 2838 995 2896 divisit.
1067 2839 1152 2892 59.
1192 2838 1294 2890 Sed
1332 2854 1398 2892 ne
1425 2843 1594 2893 omnia
1630 2841 1928 2908 singulatim
1963 2854 2229 2892 recensere

348 2925 572 2978 tenear‚·
592 2917 832 2969 lectorem
860 2916 1022 2968 refero
1053 2917 1118 2968 ad
1148 2915 1237 2969 lib.
1254 2917 1309 2972 2.
1329 2918 1556 2985 Paralip.
1577 2932 1692 2986 cap.
1713 2920 1765 2970 8.
1781 2956 1795 2979 ‚
1835 2917 1927 2969 ubl
1952 2931 2085 2970 vere.
2108 2918 2225 2969 scil.

350 2994 436 3046 13.
458 2993 669 3058 dicitur,
700 2993 900 3046 cultum
915 2993 1047 3060 Dei,
1075 2996 1240 3046 sicuti
1257 2995 1477 3047 eundem
1495 2994 1664 3046 Moses
1689 2996 1996 3046 nuatum-at
2009 3033 2024 3058 ,
2045 2995 2226 3060 fitius

893 3081 923 3113 0
1779 3094 1784 3100 .

453 3163 493 3218 ⁸¹)
529 3162 631 3210 vid.
650 3175 793 3220 supra
812 3166 856 3218 ς.
875 3165 941 3208 38.
962 3162 1023 3210 cl.
1044 3176 1147 3224 cap.
1168 3165 1231 3209 17.
1252 3166 1298 3218 ς.
1316 3166 1384 3207 41.
1407 3173 1516 3220 sqq.
