2548 3485
1080 204 1216 249 cal».
1272 201 1360 248 lx.
2041 197 2160 255 145

279 381 399 432 Fuit
414 378 613 432 'lterum
642 379 867 448 populus
896 381 951 433 in
990 380 1182 433 ditione
1210 379 1612 432 Philistaeorum
1631 417 1645 442 ‚
1683 383 1961 446 antequam
1995 393 2025 429 a

350 456 593 509 Samuele
614 455 917 510 liberaretur
1007 489 2024 510 ............
2067 450 2074 456 ’
2096 455 2163 508 20

280 534 444 586 David
464 534 695 600 regnavit
738 568 2024 587 ...............
2097 534 2165 585 40

284 611 531 664 Salomon
548 618 828 678 antequam
848 612 1102 680 templum
1120 610 1410 664 aedificavit
1464 645 2027 663 .......
2134 611 2167 660 4

240 719 247 726 ·
286 698 459 764 Atque
478 696 530 748 bi
552 711 734 750 omnes
754 697 917 751 additi
937 713 1213 750 numerum
1232 697 1517 750 conficiunt
1533 711 1790 750 annorum
1829 733 1844 748 .
1920 708 1956 748 .·
2012 732 2028 748 .
2067 695 2166 748 580

288 785 373 836 18.
424 781 629 847 Quibus
666 783 851 835 deinde
889 783 1111 837 addendi
1146 791 1271 836 sunt
1306 784 1428 834 anni
1466 782 1608 835 illius
1647 783 1871 846 saeculi,
1909 797 2014 849 quo
2050 785 2169 849 post

286 867 505 914 mortem
534 864 721 913 Iosuae
748 861 1050 928 respublica
1089 860 1446 913 Hebraeorum
1484 860 1687 923 floruit,
1728 860 1892 914 donec
1929 875 1958 912 a
1985 861 2169 911 Kusan

284 938 602 1005 Risbgataim
646 937 861 990 subacta
906 936 1045 1000 fuit,
1104 953 1328 1004 quorum
1376 952 1652 990 numerum
1698 951 1946 1004 magnum
2001 937 2170 989 fuisse

286 1015 461 1068 credo.
530 1015 647 1068 Non
685 1016 829 1067 enim
865 1015 994 1067 mihi
1030 1015 1344 1082 persuadere
1382 1028 1630 1082 possum,
1671 1014 1813 1081 quod
1849 1015 2023 1066 statim
2053 1017 2173 1081 post

286 1099 506 1145 mortem
525 1095 710 1145 Iosuae
730 1105 943 1154 Μυοῦς,-
980 1093 1069 1158 qui
1095 1094 1207 1146 eius
1227 1099 1464 1161 portenta
1483 1092 1713 1144 viderant
1721 1129 1740 1157 ,
1780 1106 1884 1144 uno
1907 1097 2169 1143 momento

287 1171 577 1236 perierunt,
616 1183 711 1221 nec
739 1168 881 1234 quod
910 1183 1088 1220 eorum
1116 1183 1446 1222 successores
1473 1184 1578 1220 uno
1609 1177 1726 1221 actu
1754 1176 1805 1220 et
1831 1169 1940 1220 ictu
1967 1167 2170 1234 legibus

286 1246 639 1298 valedixerunt
667 1253 717 1299 et
743 1261 803 1299 ex
829 1260 1034 1298 summa
1055 1247 1240 1298 virtute
1261 1247 1315 1298 in
1335 1260 1596 1299 summam
1617 1247 1902 1312 nequitiam
1925 1252 1975 1298 et
1993 1260 2172 1297 socor-

286 1324 427 1374 diam
475 1323 607 1390 lapsi
654 1331 805 1386 sunt,
861 1337 957 1375 nec
1002 1323 1228 1389 denique
1274 1323 1416 1389 quod
1460 1325 1642 1375 Kusan
1689 1322 2009 1388 Rishgataim
2059 1338 2170 1386 eOS,

288 1399 488 1452 dictum
521 1400 739 1462 factum,
780 1399 1005 1465 subegit.
1080 1400 1161 1454 19.
1202 1400 1307 1452 Sed
1328 1414 1492 1465 quum
1522 1399 1706 1452 horum
1728 1399 1932 1464 singula
1951 1406 2171 1452 aetatem

288 1477 397 1528 fere
416 1478 699 1543 requirant,
734 1493 837 1528 non
858 1475 1081 1528 dublum
1100 1483 1194 1539 est,
1221 1477 1347 1544 quin
1369 1477 1632 1543 Scriptura
1650 1490 1764 1543 cap.
1789 1478 1839 1528 2.
1863 1490 1909 1526 v.
1933 1476 1986 1528 7.
2008 1477 2059 1528 9.
2085 1479 2169 1530 10.

287 1552 407 1605 libri
428 1553 670 1606 Indicum
689 1554 933 1606 historias
953 1553 1239 1606 multorum
1258 1568 1515 1606 annorum
1536 1553 2000 1622 comprehenderit,
2040 1567 2172 1619 quas

287 1631 493 1682 silentio
517 1632 820 1683 transmisit.
892 1633 1027 1682 Sunt
1045 1638 1308 1699 praeterea
1329 1630 1552 1683 addendi
1574 1633 1714 1695 anni,
1740 1629 1936 1698 quibus
1958 1631 2173 1682 Samuel

288 1707 389 1761 fuit
424 1707 604 1771 iudex,
644 1723 869 1775 quorum
908 1709 1061 1761 etiam
1100 1723 1352 1762 numerus
1387 1711 1439 1761 in
1480 1709 1747 1779 Scriptura
1785 1723 1889 1760 uon
1929 1706 2172 1761 habetur.

287 1787 375 1843 20.
414 1788 550 1839 Sunt
586 1783 775 1841 deinde
811 1786 1034 1839 addendi
1070 1788 1192 1837 anni
1231 1788 1375 1853 regni
1405 1787 1602 1852 SauliS,
1644 1802 1779 1852 quos
1813 1788 1868 1837 in
1906 1787 2174 1855 superiore

290 1864 669 1932 computatione
690 1864 870 1926 omisi,
909 1864 1034 1932 quia
1057 1878 1118 1915 ex
1135 1864 1249 1915 eius
1269 1864 1488 1929 historia
1507 1878 1608 1914 non
1629 1865 1756 1915 satis
1777 1869 1978 1914 constat
1994 1902 2008 1927 ‚
2048 1870 2175 1931 quot

290 1954 454 1991 annos
484 1941 791 2006 regnaverit.
864 1942 1069 1995 Dicitur
1098 1939 1310 2005 quidem
1340 1954 1453 2007 cap.
1477 1942 1562 1994 13.
1585 1955 1632 1991 v.
1657 1943 1704 1994 1.
1736 1939 1854 1992 libr.
1880 1943 1928 1994 1.
1952 1941 2176 1993 Samue-

292 2017 387 2079 lis,
428 2018 651 2069 eundem
677 2018 812 2068 duos
840 2031 1005 2069 annos
1034 2019 1352 2083 regnavisse:
1393 2016 1486 2069 sed
1515 2024 1566 2068 et
1593 2017 1681 2069 ille
1713 2023 1879 2069 textus
1902 2024 2174 2070 truncatus

292 2101 399 2158 est,
430 2100 482 2146 et
502 2108 559 2145 ex
578 2095 694 2162 ipsa
715 2094 927 2146 historia
950 2095 1202 2147 maiorem
1222 2109 1498 2147 numerum
1517 2094 1828 2160 colligimus·
1899 2095 1983 2149 21.
2020 2095 2176 2158 Quod

290 2178 457 2223 textus
486 2178 752 2223 truncatus
780 2172 880 2235 sit,
920 2186 1072 2224 nemo
1111 2173 1200 2237 qui
1228 2171 1520 2224 Hebraeam
1560 2171 1792 2236 linguam
1830 2171 1908 2223 vel
1949 2186 1977 2222 a
2007 2173 2174 2237 primo

294 2250 476 2309 limine
510 2257 781 2321 salutavit,
820 2256 1061 2311 dubitare
1097 2266 1289 2326 potest.
1365 2258 1453 2309 Sic
1491 2258 1632 2309 enim
1667 2256 1880 2323 incipit:
1929 2253 2180 2349 nullo-'³2-

297 2354 636 2451 7332Q2·722
673 2356 803 2451 Ἑρ
833 2357 1000 2452 072·th
1028 2357 1190 2452 ’ἔρξῃ
1229 2336 1435 2453 Ὁξῑὲᾎ
1467 2338 1644 2450 §amq
1669 2374 1866 2411 annum
1882 2323 2177 2411 natffoe'ome

296 2460 453 2525 Saul,
493 2478 655 2529 quum
686 2468 971 2530 regnaret,
1010 2468 1065 2515 et
1091 2464 1221 2515 duos
1246 2480 1413 2515 annos
1436 2466 1688 2529 regnavit
1711 2478 1875 2531 supra
1903 2463 2172 2516 Israe’lem.

299 2538 449 2601 Quis,
480 2540 710 2606 inquam,
735 2555 839 2592 nou
858 2542 995 2593 videt
1014 2554 1290 2592 numerum
1309 2554 1570 2593 annorum
1590 2542 1773 2593 aetatis
1793 2541 1985 2603 SauliS‚
2009 2554 2174 2607 quum

298 2629 515 2680 regnum
540 2615 758 2685 adeptus
784 2626 947 2678 esset,
987 2619 1243 2669 omissum
1270 2613 1422 2669 esse?
1488 2619 1578 2673 22.
1616 2619 1687 2671 At
1713 2618 1852 2685 quod
1883 2633 1941 2671 ex
1962 2619 2071 2685 ipsa
2093 2616 2177 2667 bi-

296 2691 455 2743 storia
476 2694 639 2745 maior
654 2708 903 2746 numerus
923 2694 1267 2756 concluditur,
1287 2694 1438 2746 credo
1461 2696 1722 2748 neminem
1743 2697 1898 2747 etiam
1921 2694 2177 2747 dubitare.

296 2770 425 2822 Nam
448 2784 559 2837 cap.
581 2770 669 2824 27.
689 2786 737 2822 v.
761 2773 810 2825 7.
834 2771 1073 2823 eiusdem
1090 2771 1212 2824 libri
1232 2771 1470 2833 babetur,
1510 2773 1652 2839 quod
1671 2772 1832 2826 David
1851 2771 1992 2838 apud
2011 2769 2177 2821 Phili·

296 2856 486 2910 staeos,
524 2847 590 2900 ad
608 2862 743 2915 quos
762 2857 971 2917 propter
990 2848 1209 2901 Saulum
1229 2848 1486 2916 confugit,
1527 2858 1758 2902 moratus
1777 2850 1877 2900 fuit
1896 2844 2060 2899 unum
2077 2862 2175 2899 an-

297 2940 423 2976 num
463 2932 516 2978 et
548 2934 772 2993 quatuor
806 2940 1032 2979 menses.
1114 2927 1290 2989 Quare
1329 2940 1387 2979 ex
1423 2926 1518 2978 bac
1553 2925 1934 2994 computatione
1972 2924 2174 2991 reliqua

297 3004 464 3068 spatio
492 3011 608 3055 octo
636 3006 900 3057 mensium
930 3006 1226 3070 contingere
1246 3003 1573 3065 debuerunt,
1592 3000 1755 3069 ‘quod
1775 3004 2038 3053 neminem
2060 3015 2175 3053 cre-

298 3079 417 3131 dere
442 3081 697 3133 existimo.
770 3082 1025 3149 Iosephus
1054 3082 1239 3134 saltem
1266 3081 1321 3132 in
1347 3080 1450 3132 fine
1478 3079 1599 3131 libri
1635 3080 1761 3131 sexti
1789 3078 2171 3143 Antiquitatum

300 3163 493 3210 textum
508 3158 587 3209 sic
604 3160 849 3211 correxit:
886 3156 1152 3226 Regnavit
1174 3162 1360 3225 itaque
1375 3157 1510 3209 Saul
1524 3156 1766 3208 Samuele
1785 3156 1988 3206 vivente
2007 3170 2172 3205 annos

368 3244 593 3311 Spinoza
629 3246 721 3305 111,
1094 3294 1099 3297 .
1665 3241 1747 3297 ,10

1971 3390 2204 3440 Δ4...-
