2548 3485
331 171 359 226 1
370 170 455 228 06
730 177 1119 222 ΤΒΔΟΤΑΤΠδ
1158 174 1562 226 Trinoumlco
1572 207 1597 216 -
1607 180 1815 226 Pom'r.

327 359 477 414 sunt,
518 351 701 404 eodem
730 353 883 405 modo
910 354 1003 406 bae
1032 371 1090 407 ex
1120 355 1333 408 diversis
1369 357 1779 423 narrationibus,
1821 369 1952 426 quae
1981 359 2043 410 de
2073 373 2208 409 una-

326 443 535 496 quaque
566 445 621 481 re
648 431 701 482 in
731 433 935 497 scriptis
970 441 1271 495 occurrunt,
1311 443 1435 486 sunt
1469 435 1768 488 eliciendae.
1847 439 1929 487 14.
1971 436 2207 502 Regula

325 507 480 571 igitur
514 508 913 560 universaiis
958 510 1438 578 interpretandi
1477 513 1875 580 scripturam
1919 520 2028 577 est,
2086 511 2208 562 nihii

328 583 619 650 Scripturae
654 592 899 651 tanquam
939 587 1052 639 eius
1091 587 1461 640 documentum
1498 589 1748 653 tribuere,
1787 589 1926 657 quod
1957 604 2015 641 ex
2041 590 2210 656 ipsius

325 659 536 712 historia
558 677 713 728 quam
734 664 953 715 maxime
972 673 1302 732 perspectum
1325 681 1427 718 non
1449 666 1753 720 habeamus·
1827 666 2015 731 Qualis
2033 668 2210 718 autem
2291 667 2300 676 ⁸

326 740 438 788 eim
456 741 680 791 historia
699 739 888 792 debeat
904 756 1013 792 esce
1027 780 1043 808 ,
1084 748 1138 793 et
1163 757 1300 810 quae
1320 746 1657 812 potissimum
1677 760 1959 809 enarrare,
1997 745 2082 796 bic
2107 745 2210 796 iam

324 815 624 869 dicendum.

429 892 513 945 15.
550 895 748 961 Nempe
783 897 825 945 1.
863 899 1129 948 continere
1166 897 1320 949 debet
1349 903 1600 950 naturam
1635 904 1690 950 et
1715 901 2078 968 proprietates
2103 899 2210 949 lin-

322 985 491 1035 guae,
530 987 639 1038 qua
657 972 785 1023 libri
801 971 1111 1041 Scripturae
1129 977 1322 1042 scripti
1325 977 1563 1040 suerunt
1578 981 1634 1027 et
1647 991 1808 1044 quam
1824 991 2008 1029 eorum
2028 981 2210 1028 aucto-

321 1063 407 1098 res
432 1048 581 1115 loqui
604 1050 861 1102 solebant.
936 1051 1022 1102 Sic
1050 1052 1187 1102 enim
1215 1067 1398 1106 omnes
1435 1067 1654 1120 sensus,
1696 1069 1832 1120 quos
1867 1067 2210 1120 unaquaeque

323 1127 484 1177 oratio
522 1141 579 1177 ex
615 1129 879 1180 communi
914 1127 1164 1193 loquendi
1203 1142 1306 1181 usu
1344 1131 1615 1183 admittere
1651 1139 1847 1200 potest,
1904 1132 2210 1196 investigare

322 1204 629 1268 poterimus.
699 1205 767 1256 Et
804 1206 925 1272 quia
962 1219 1141 1257 omnes
1178 1214 1281 1258 tam
1318 1209 1529 1270 veteriS,
1569 1223 1727 1276 quam
1767 1211 1880 1261 novi
1917 1210 2208 1260 testamenti

322 1281 598 1346 scriptores
637 1281 857 1334 Hebraei
897 1282 1136 1346 fuerunt,
1183 1291 1378 1336 certum
1417 1293 1527 1348 est,
1563 1286 1830 1338 historiam
1870 1287 2073 1352 linguae
2102 1285 2212 1335 He-

320 1356 525 1409 braicae
554 1373 675 1425 prae
703 1359 945 1411 omnibus
977 1363 1321 1413 necessariam
1353 1375 1499 1426 esse,
1539 1377 1642 1414 non
1679 1369 1879 1415 tantum
1911 1362 1974 1414 ad
2013 1362 2208 1413 inteili-

321 1437 547 1500 gentiam
566 1434 815 1488 librorum
836 1439 1019 1488 veteris
1048 1440 1369 1502 testamenti,
1410 1440 1500 1506 qui
1531 1440 1626 1491 hac
1653 1441 1831 1507 lingua
1859 1440 2032 1506 scripti
2064 1444 2202 1500 sunt,

321 1511 414 1562 sed
450 1513 605 1564 etiam
644 1514 786 1579 novi3
824 1527 944 1565 nam
981 1516 1215 1580 quamvis
1254 1515 1368 1567 aliis
1403 1516 1594 1582 iinguis
1629 1517 1821 1586 vulgati
1854 1515 2069 1578 fuerint,
2111 1515 2208 1566 he·-

320 1587 550 1641 braizaut
569 1598 765 1643 tamen.

428 1669 513 1720 16.
548 1669 618 1719 ΙΙ.
657 1666 957 1723 Sementiua
981 1671 1393 1736 uniuscuiusque
1424 1669 1550 1720 libri
1576 1670 1828 1738 colligere
1867 1669 2042 1734 debet,
2083 1683 2202 1718 eas-

320 1758 421 1811 que
442 1744 734 1796 asumma
755 1748 933 1812 capita
950 1746 1224 1813 redigere,
1266 1755 1326 1798 ut
1353 1750 1428 1799 sic
1457 1761 1664 1810 omnes,
1708 1762 1840 1815 quae
1869 1747 1932 1798 de
1951 1746 2130 1797 eadem
2155 1760 2207 1797 re

320 1822 675 1887 reperiuntur,
714 1823 766 1873 in
808 1830 1053 1890 promptu
1089 1823 1278 1876 habere
1316 1826 1608 1891 possimus:
1651 1824 1840 1877 deinde
1877 1838 1965 1876 eas
2001 1836 2204 1888 omnes,

320 1912 453 1964 quae
494 1897 767 1965 ambiguae
802 1901 880 1951 vei
918 1899 1168 1953 obscurae
1208 1908 1356 1963 sunt,
1399 1901 1475 1953 vel
1515 1916 1648 1967 quae
1678 1900 1892 1954 invicem
1924 1914 2208 1967 repugnare

318 1975 585 2038 videntur,
624 1982 820 2028 notare.
891 1977 1067 2045 Atque
1094 1994 1181 2031 eas
1212 1980 1494 2030 sententias
1523 1978 1606 2030 bic
1633 1977 1882 2031 obscuras
1920 1986 2009 2030 aut
2045 1978 2208 2029 claras

320 2066 445 2103 voco
458 2092 473 2115 ,
514 2066 731 2119 quarum
752 2066 941 2106 sensus
960 2070 1020 2107 ex
1038 2064 1273 2108 contextu
1296 2056 1545 2107 orationis
1563 2055 1712 2107 facile
1729 2057 1806 2108 vei
1827 2054 2097 2107 difficulter
2114 2069 2204 2107 ra·-

320 2132 459 2182 tione
484 2132 785 2197 percipitur.
856 2133 933 2184 De
962 2132 1072 2185 solo
1098 2135 1239 2185 euim
1270 2147 1433 2185 sensu
1465 2135 1783 2198 orationum,
1826 2148 1928 2184 non
1949 2140 2120 2184 autem
2143 2132 2208 2183 de

321 2222 497 2258 earum
518 2208 729 2260 veritate
749 2208 1066 2261 laboramus.
1147 2212 1228 2262 17.
1262 2212 1402 2274 Quin
1423 2210 1528 2261 imo
1547 2211 1776 2278 apprime
1797 2210 2082 2263 cavendum
2105 2216 2204 2270 est,

319 2300 477 2351 quam
514 2284 605 2337 diu
643 2298 858 2337 sensum
898 2287 1189 2353 Scripturae
1228 2288 1554 2354 quaerimus,
1610 2302 1673 2339 ne
1709 2289 1970 2340 ratiocinio
2007 2292 2204 2349 nostro,

321 2369 580 2427 quatenus
616 2363 885 2429 principiis
924 2364 1516 2432 naturaiiscognitionis
1560 2365 1832 2418 fundatum
1870 2372 1949 2417 est
1983 2362 2069 2430 (ut
2103 2364 2205 2414 iam

317 2447 515 2489 taceam
550 2439 905 2507 praeiudicia)
936 2452 1400 2507 praeoccupemur,
1439 2441 1532 2493 sed
1561 2456 1629 2494 ne
1655 2456 1831 2495 verum
1855 2456 2068 2495 sensum
2087 2454 2206 2490 cum

317 2530 489 2566 rerum
510 2516 721 2566 veritate
740 2516 1121 2569 confundamus
1136 2558 1151 2581 ,
1190 2518 1274 2569 iiie
1304 2532 1364 2569 ex
1392 2518 1504 2570 solo
1523 2518 1729 2585 linguae
1749 2534 1850 2571 usu
1874 2521 1970 2570 erit
1987 2519 2208 2569 investi-

316 2592 517 2659 gandus
531 2631 545 2655 ,
576 2592 735 2643 velex
754 2594 1019 2647 ratiocinio
1037 2634 1050 2658 ,
1076 2596 1217 2661 quod
1240 2595 1442 2647 nullum
1465 2595 1604 2647 aliud
1628 2596 2023 2648 fundamentum
2045 2608 2207 2661 agno-

316 2670 441 2734 scit,
502 2683 659 2735 quam
696 2670 1034 2737 scripturam.
1108 2672 1254 2735 Quae
1297 2674 1467 2724 omnia
1507 2680 1564 2723 ut
1599 2672 1790 2724 clarius
1831 2672 2201 2739 intelligantur,

316 2747 545 2814 exemplo
580 2746 870 2799 illustrabo.
956 2750 1037 2802 18.
1075 2747 1189 2801 Eae
1223 2752 1390 2803 Mosis
1425 2750 1735 2809 sententiae,
1775 2749 1916 2816 quod
1955 2750 2100 2800 Deus
2133 2750 2208 2798 sit

316 2826 459 2889 ignis
479 2831 533 2875 et
548 2824 691 2890 quod
710 2825 857 2876 Deua
872 2828 949 2875 sit
962 2826 1235 2893 zelotypus
1244 2828 1300 2895 ⁸¹)
1315 2867 1329 2890 ‚
1356 2840 1508 2892 quam
1529 2826 1845 2877 clarissimae
1865 2833 2013 2887 sunt,
2047 2838 2200 2891 quam

318 2899 405 2950 diu
438 2901 502 2953 ad
530 2901 695 2953 solam
726 2901 997 2956 verborum
1020 2903 1446 2968 significationem
1479 2904 1825 2966 attendimus,
1865 2903 2084 2969 ideoque
2113 2916 2202 2953 eas

419 3062 458 3112 ·)
493 3060 953 3113 mmmmm.
982 3062 1123 3147 *³21³-
1163 3035 1245 3135 ὃς
1279 3062 1400 3121 ean
1440 3034 1623 3151 ³²23&
1664 3054 1769 3137 ms
1809 3031 2020 3151 η’ῴςξ
2051 3058 2199 3148 mn}

318 3142 451 3187 coni.
471 3144 616 3189 Exod.
636 3147 705 3204 2⁴,
725 3149 789 3189 ιτ.
826 3148 894 3205 34,
917 3150 981 3189 14.
1022 3148 1209 3249 Deute'r.
1232 3151 1273 3205 5,
1294 3150 1334 3191 0.
