2548 3485
327 147 453 207 252
729 150 1120 197 TRACTATUS
1156 148 1557 196 'rnssonemco
1570 177 1596 189 -
1605 151 1816 198 Pou‘r.

328 334 800 394 consequenter
824 343 853 382 υ
872 328 1035 381 solis
1054 329 1320 381 summis
1343 326 1786 397 potestatibus
1807 326 2212 381 determinari

331 406 546 467 debet,
594 418 885 473 quaeque
927 406 1081 458 adeo
1124 407 1263 459 eius
1311 407 1501 458 etium
1547 406 1942 474 interpretes
1978 406 2216 459 debent

330 496 491 535 esse.
532 482 582 535 3.
608 486 815 549 Loquor
832 498 1071 551 expresse
1092 484 1155 536 de
1176 484 1380 551 pietatis
1401 484 1635 535 exercitio
1657 489 1708 535 et
1727 490 1933 537 externo
1953 484 2214 550 religionis

332 561 473 613 cuitu
488 577 501 624 3
524 575 627 612 non
640 568 811 613 eutem
823 561 886 612 de
898 562 1009 628 ipsa
1021 562 1207 628 pietate
1216 561 1370 613 etDei
1383 561 1581 612 interno
1593 560 1751 625 cultu,
1767 563 1860 615 sivi
1873 561 2077 623 mediis,
2093 562 2214 627 qui-

330 636 431 690 hus
462 652 609 691 mens
627 638 826 690 interne
846 638 1141 705 disponitur
1156 638 1222 690 ed
1239 640 1408 690 Deum
1429 639 1720 703 integritate
1738 639 1895 690 enimi
1915 638 2210 691 colendum.

330 718 571 766 Internus
590 716 727 766 enim
745 716 841 766 Dei
864 715 1037 768 cultus
1057 723 1109 767 et
1127 717 1237 783 ipsu
1259 716 1422 781 pietus
1442 716 1854 781 uniuscuiusque
1871 715 2002 767 iuris
2021 722 2100 767 est
2127 716 2214 781 (ut

332 794 385 845 in
408 791 507 843 fine
527 806 642 859 ουρ.
662 792 775 843 vn.
796 793 849 861 ¹)
872 792 1241 859 ostendimus),
1268 790 1406 858 quod
1430 793 1483 842 in
1505 792 1664 843 alium
1685 793 1950 845 transferri
1971 807 2074 844 non
2093 798 2212 859 pot-

334 876 431 921 est.
504 870 555 920 4.
594 871 750 921 Porro
782 870 909 937 quid
935 869 1021 921 hie
1048 884 1141 938 per
1167 869 1263 921 Dei
1295 882 1511 935 regnum
1542 868 1822 935 intelligam
1854 885 1911 921 ex
1937 884 2048 936 ουρ.
2067 870 2208 921 XIV.

331 947 459 998 sotis
478 954 711 999 constare
732 948 960 999 existimo
975 948 1052 1015 ²).
1105 948 1167 998 In
1188 961 1249 997 eo
1270 947 1407 997 enim
1431 946 1771 1008 ostendimus,
1795 960 1915 998 eum
1935 946 2097 1014 legem
2115 948 2213 998 Bet

332 1022 613 1089 adimplere
627 1063 641 1086 ,
664 1025 753 1090 qui
773 1024 1024 1076 iustitiam
1045 1031 1093 1075 et
1114 1024 1374 1075 ceritatem
1396 1038 1453 1075 ex
1472 1024 1568 1074 Dei
1590 1019 1830 1076 mandato
1851 1023 1990 1076 colit.
2065 1024 2212 1075 Unde

332 1102 567 1165 sequitur
584 1101 711 1152 iliud
727 1117 952 1166 regnum
971 1116 1085 1153 esse
1104 1101 1209 1151 Det·
1224 1140 1237 1162 ,
1277 1102 1330 1152 in
1351 1114 1455 1167 quo
1475 1100 1670 1151 iustitie
1692 1108 1744 1153 et
1761 1102 1943 1152 caritas
1961 1102 2063 1153 vim
2085 1102 2212 1152 iuris

332 1186 383 1229 et
410 1177 637 1229 mandeti
668 1178 878 1230 habent.
952 1178 1001 1229 5.
1039 1177 1215 1244 Atque
1242 1176 1330 1229 hie
1358 1177 1551 1231 nullum
1591 1191 1814 1242 agnosco
1850 1176 2208 1237 differentiam,

332 1255 436 1307 sive
464 1255 607 1307 Deus
637 1270 813 1308 verum
848 1256 1071 1308 iustitiae
1101 1262 1152 1306 et
1182 1255 1408 1307 caritatis
1436 1254 1631 1307 cultum
1655 1254 1848 1307 iumine
1870 1256 2088 1307 naturaii
2107 1257 2212 1307 sive

333 1332 634 1383 revelatione
672 1332 853 1384 doceat
888 1334 1235 1399 imper-etque:
1274 1331 1402 1383 nihil
1441 1332 1578 1383 enim
1615 1332 1794 1391 refert,
1835 1332 2096 1398 quomodo
2127 1333 2210 1384 iile

332 1408 503 1459 cultus
534 1408 783 1461 revelatus
810 1410 904 1472 sit,
944 1407 1099 1460 modo
1128 1423 1392 1461 summum
1413 1409 1494 1459 ius
1511 1407 1764 1469 obtineat,
1807 1422 2115 1475 summque
2132 1408 2214 1460 lex

334 1485 631 1537 hominibus
651 1487 736 1538 sita
810 1488 861 1538 6.
901 1487 956 1538 Si
978 1486 1137 1551 igitur
1157 1487 1258 1537 iam
1280 1486 1576 1548 ostendam,
1608 1486 1860 1537 iustitiam
1880 1492 1932 1537 et
1949 1486 2210 1538 caritatem

333 1564 435 1615 vim
456 1564 584 1615 iuris
604 1570 655 1614 et
673 1562 896 1614 mandeti
916 1578 1021 1615 non
1043 1577 1197 1630 posse
1214 1564 1464 1629 accipere,
1489 1562 1590 1613 nisi
1611 1577 1670 1615 ex
1687 1563 1800 1614 iure
1820 1564 2045 1629 imperii,
2066 1561 2212 1613 facile

334 1641 454 1691 inde
491 1639 795 1691 concludam
826 1638 1276 1707 (quandoquidem
1315 1640 1396 1691 ius
1431 1640 1631 1705 imperii
1666 1652 1828 1707 penes
1855 1654 2088 1691 summus
2115 1654 2216 1707 po-

334 1724 546 1769 testates
578 1723 778 1769 tantum
812 1717 947 1786 est),
986 1716 1281 1782 religionem
1301 1718 1404 1768 vim
1423 1716 1550 1769 iuris
1573 1717 1800 1784 accipere
1820 1729 1879 1769 ex·
1899 1717 2011 1768 solo
2031 1732 2211 1770 eorum

334 1795 537 1846 decreto
554 1832 568 1854 ,
608 1795 698 1860 qui
736 1795 818 1845 ius
855 1794 1141 1860 imperandi
1180 1791 1397 1864 hubent,
1437 1800 1487 1844 et
1514 1795 1682 1846 Deum
1719 1793 1920 1846 nulium
1951 1795 2214 1862 singulare

334 1885 548 1936 regnum
585 1871 640 1921 in
668 1868 903 1921 homines
932 1868 1145 1932 habere,
1186 1870 1285 1921 nisi
1325 1884 1414 1936 per
1442 1886 1558 1932 eos,
1599 1873 1686 1937 qui
1717 1871 1988 1938 imperium
2017 1879 2212 1925 tenent.

334 1947 387 1999 7.
425 1948 494 1999 At
512 1947 651 2014 quod
670 1947 841 1999 cultus
860 1946 1083 1999 iustitiae
1103 1955 1152 1998 et
1170 1949 1394 1999 caritatis
1416 1949 1516 1998 vim
1535 1947 1664 1998 iuris
1684 1962 1785 1999 non
1806 1947 2010 2015 accipit,
2032 1949 2134 2000 nisi
2154 1963 2214 2000 ex

335 2025 447 2077 iure
484 2025 717 2092 imperii,
756 2039 812 2076 ex
850 2024 1273 2076 antecedentibus
1309 2032 1467 2091 patet.
1541 2023 1878 2076 Ostendimus
1917 2026 2055 2076 enim
2096 2040 2210 2092 cup.

334 2103 473 2154 XVI.
494 2103 573 2171 ⁸),
616 2103 669 2154 in
697 2108 833 2152 statu
861 2101 1078 2154 naturaii
1110 2116 1210 2153 non
1239 2100 1357 2168 plus
1387 2101 1514 2152 iuris
1535 2101 1748 2164 rationi,
1787 2115 1942 2167 quam
1964 2103 2212 2169 appetitui

336 2194 476 2242 esse,
517 2177 733 2232 sedtum
755 2193 871 2242 eos,
903 2181 991 2245 qui
1011 2179 1298 2231 secundum
1320 2178 1458 2244 leges
1478 2179 1763 2245 appetitus,
1796 2193 1952 2244 quum
1973 2193 2092 2242 eoS,
2125 2181 2214 2246 qui

338 2255 623 2308 secundum
643 2255 783 2322 leges
803 2256 1013 2308 rationis
1032 2256 1229 2320 vivunt,
1272 2257 1359 2306 ius
1379 2255 1442 2306 ad
1463 2256 1660 2317 omnin,
1695 2269 1824 2321 quae
1844 2264 2088 2323 possunt,
2122 2256 2217 2308 ha-

340 2332 479 2385 bere.
551 2332 604 2384 8.
641 2333 755 2385 Ηυο
783 2333 846 2385 de
874 2346 1030 2384 eausa
1058 2334 1109 2384 in
1138 2339 1276 2384 statu
1295 2331 1514 2383 netur-ali
1533 2339 1800 2400 peecatum
1823 2335 2090 2400 concipere
2112 2350 2215 2385 non

338 2410 632 2476 potuimus,
671 2423 765 2461 nee
788 2411 957 2462 Deum
987 2417 1251 2475 tamquam
1281 2408 1503 2461 iudicem
1523 2408 1760 2461 homines
1779 2417 1989 2478 propter
2005 2418 2213 2476 peccata

337 2487 655 2555 punientem,
688 2485 779 2538 sed
800 2488 972 2538 omnia
992 2487 1282 2538 seeundum
1303 2487 1440 2552 leges
1461 2488 1728 2538 universae
1749 2494 1959 2539 naturae
1978 2501 2216 2539 eommu-

337 2580 431 2617 nes
459 2563 605 2622 ferri,
644 2570 695 2614 et
730 2562 950 2617 eundem
985 2578 1161 2618 casum
1193 2562 1279 2630 (ut
1306 2578 1423 2614 eum
1453 2563 1727 2615 Salomone
1752 2562 1960 2633 loquar)
1990 2565 2128 2615 iusto
2155 2578 2215 2615 υο

337 2641 526 2710 impio,
565 2654 697 2707 puro
726 2653 786 2691 υο
804 2641 1005 2707 impuro
1026 2649 1123 2693 ete.
1146 2641 1440 2708 contingere
1456 2639 1512 2710 ¹)
1525 2678 1541 2706 ‚
1581 2647 1633 2693 et
1652 2639 1853 2692 nullum
1875 2639 2043 2692 locum
2063 2642 2217 2694 iusti-

338 2721 454 2783 tiae,
491 2731 585 2771 nee
604 2717 800 2770 caritati
821 2733 962 2772 esse:
1002 2726 1055 2769 at
1083 2723 1141 2770 ut
1166 2733 1313 2771 verae
1333 2717 1546 2771 radonis
1566 2717 1891 2781 documenta,
1915 2717 2012 2770 hoe
2032 2727 2110 2770 est
2130 2717 2216 2787 (ut

442 2941 487 2993 t)
512 2940 615 2985 Vid.
636 2951 739 2996 ουρ.
756 2941 799 2984 ’1.
819 2941 861 2993 8.
880 2941 948 2983 9⁰.
969 2951 1073 2995 sqq.

441 3001 485 3049 2)
513 2999 612 3042 Vid.
635 3010 738 3054 ουρ.
761 3000 825 3042 14.
848 2999 1060 3055 inprimis
1082 2999 1122 3052 ς.
1142 2999 1208 3040 23.
1230 3004 1277 3043 et
1292 3000 1360 3044 3³.

442 3059 485 3107 3)
512 3055 621 3100 vid.
642 3059 745 3112 ουρ.
765 3059 829 3103 1⁶.
850 3061 892 3111 ς.
912 3060 1046 3103 6-8.

445 3117 488 3168 4)
518 3115 617 3159 Vid.
640 3115 812 3163 Selom.
834 3117 993 3164 Cohel.
1014 3131 1117 3176 cap.
1138 3121 1177 3163 9.
1200 3132 1240 3164 v.
1258 3121 1300 3164 2.
