2548 3485
331 132 456 191 2⁰4
731 131 1130 178 ‘reanum-us·
1158 132 1813 179 mmmmm-rom.

329 307 728 383 confirmarer-iu
767 321 870 375 qna
898 306 962 360 de
987 322 1042 360 re
1067 308 1182 361 vide
1199 308 1355 362 Dent.
1377 311 1493 377 σοι).
1516 308 1598 362 13.
1670 310 1755 363 33.
1793 308 1943 363 Unde
1970 309 2207 377 sequitur

329 402 506 441 verum
535 384 837 452 prophetam
864 399 892 436 a
919 386 1049 438 salso
1078 385 1313 453 dignosci
1342 402 1402 438 ex
1430 386 1658 455 doctriua
1688 394 1740 438 et
1758 385 2005 439 miraculo
2025 386 2202 438 simul.

330 464 505 515 Talem
519 464 666 535 ‚enim
685 463 861 515 Moses
881 476 1054 514 verum
1077 478 1192 515 esse
1211 464 1464 526 declarat,
1486 465 1637 531 eique
1658 464 1857 530 absque
1878 463 1983 515 ullo
2006 463 2205 515 fraudis

330 542 515 597 timore
534 540 742 592 credere
764 539 932 601 iubet3
969 548 1125 609 atque
1145 555 1234 593 eos
1255 536 1415 593 salsos
1436 556 1553 593 esse
1572 544 1646 593 ait
1664 549 1713 593 et
1730 554 1845 593 reos
1865 540 2045 592 mortis
2062 574 2075 601 ,
2116 540 2205 605 qui

329 618 490 681 falso,
527 618 624 669 etsi
645 617 852 670 nomine
871 618 996 679 Dei,
1035 618 1233 683 aliquid
1255 617 1619 686 praedixerint,
1658 615 1736 671 vel
1756 620 1847 683 qui
1879 617 2037 669 falsos
2056 616 2203 678 deos,

333 696 432 747 etsi
459 709 576 747 vera
607 694 852 749 miracula
890 694 1164 758 fecissent,
1204 694 1509 748 docuerunt.
1552 696 1668 764 ,34.
1710 696 1880 759 Quare
1920 708 2015 745 nos
2053 695 2207 745 etiam

331 772 428 825 hac
447 778 648 823 tantum
668 770 732 822 de
753 785 906 823 causa
926 770 1264 838 Scripturae,
1302 773 1401 823 hoe
1420 778 1502 825 eat
1516 776 1646 840 ipsis
1655 773 1931 841 prophetis
1944 809 1959 832 ‚
1996 770 2207 823 credere

266 912 272 918 -
333 854 594 912 tenemur,
617 850 868 899 nimirum
877 853 1102 915 propter·
1119 848 1417 901 doctrinam
1435 853 1604 915 aig-nis
1622 850 2005 915 confirmatam.
2076 849 2207 899 Nam

334 926 577 991 quoniam
605 923 868 986 videmus,
899 924 1176 991 prophetas
1207 926 1467 978 caritatem
1498 934 1549 978 et
1573 926 1823 979 iustitiam
1852 940 2007 991 supra
2035 926 2210 977 omnia

333 1000 694 1053 commendare
711 1008 766 1052 et
785 1000 912 1052 nihil
931 1001 1071 1054 aliud
1093 1002 1361 1054 intendere
1374 1042 1389 1065 ,
1430 1003 1551 1055 hinc
1568 1002 1961 1065 concludimus„
1998 1017 2087 1054 eos
2106 1016 2208 1053 non

334 1078 451 1129 dolo
480 1077 646 1140 malo,
685 1077 778 1129 sed
807 1092 867 1129 ex
894 1092 1012 1132 vero
1039 1078 1212 1129 animo
1249 1079 1519 1143 docuisse,
1558 1080 1797 1131 homines
1834 1078 2126 1131 obedientia
2162 1086 2212 1130 et

333 1154 434 1207 fide
453 1154 632 1207 beatos
651 1152 792 1215 fieri;
831 1161 883 1207 et
901 1156 1022 1221 quia
1039 1154 1140 1207 hoc
1165 1154 1383 1223 insuper
1408 1157 1573 1223 signis
1600 1156 2052 1218 confirmaverunt,
2089 1154 2211 1207 hinc

334 1232 484 1284 uobis
504 1230 906 1298 persuademu5‚
942 1246 1032 1283 eos
1051 1246 1157 1283 non
1179 1238 1370 1285 temere
1389 1234 1440 1285 id
1462 1234 1678 1298 dixisse,
1700 1248 1869 1299 neque
1888 1232 2204 1297 delii-avisse,

333 1308 457 1360 dum
485 1306 878 1376 prophetabant.
951 1308 1037 1359 35.
1060 1310 1122 1359 Iu
1151 1324 1255 1375 quo
1276 1311 1428 1365 etiam
1460 1312 1622 1377 magis
1654 1310 2043 1371 confirmamur,
2065 1309 2209 1360 ·dum

334 1386 647 1438 attendimus
665 1424 679 1449 ,
714 1385 855 1451 quod
875 1384 1000 1437 nihil
1020 1386 1213 1438 morale
1232 1384 1518 1438 docuerunt
1532 1425 1547 1448 ‚
1586 1387 1723 1454 quod
1744 1402 1864 1440 cum
1885 1388 2079 1439 r‘atione
2096 1386 2211 1451 pla-
2320 1441 2331 1449 ,

334 1464 548 1515 nissime
569 1477 672 1515 non
691 1464 974 1513 conveniat.
1045 1463 1176 1513 Nam
1198 1478 1302 1514 non
1323 1470 1511 1515 temere
1532 1472 1625 1525 est,
1650 1464 1789 1530 quod
1806 1464 2018 1517 verbum
2040 1463 2135 1513 Dei
2156 1464 2213 1513 in

337 1539 600 1607 prophetis
619 1554 739 1591 cum
762 1540 876 1605 ipso
895 1538 1048 1589 verbo
1065 1540 1162 1590 Dei
1183 1541 1234 1591 in
1256 1540 1411 1591 nohis
1434 1540 1674 1606 loquente
1692 1542 1903 1593 omnino
1922 1539 2209 1592 conveniat.

333 1617 507 1681 Atque
527 1616 681 1677 haec,
719 1616 930 1681 inquam
948 1654 963 1677 ,
1003 1630 1099 1667 nos
1129 1630 1295 1682 aeque
1322 1618 1445 1667 certi
1474 1631 1534 1667 ex
1552 1617 1761 1681 Bibliis,
1802 1632 1861 1670 ac
1886 1618 2011 1669 olim
2031 1612 2211 1668 Iudaei

337 1706 396 1749 ex
422 1694 531 1744 viva
559 1705 680 1758 yoce
710 1691 1071 1759 prophetarum
1111 1691 1235 1745 haec
1276 1693 1454 1745 eadem
1492 1686 1883 1752 concludebant.
1956 1694 2042 1747 36.
2078 1694 2224 1746 Nam.

337 1783 495 1834 supra
521 1769 578 1818 in
605 1768 709 1820 fine
729 1781 842 1834 cap.
862 1771 981 1820 XII.
1002 1769 1331 1822 ostendimus
1343 1771 1401 1838 ⁴²)
1415 1810 1430 1833 ‚
1472 1771 1787 1837 scripturam
1807 1773 1999 1823 ratione
2020 1771 2211 1822 doctri-

336 1859 432 1898 nae
461 1851 510 1896 et
535 1846 930 1919 praecipuarum
955 1844 1285 1898 historiarum
1322 1847 1667 1914 incorruptam
1700 1849 1764 1900 ad
1794 1856 1996 1900 nostras
2024 1861 2211 1900 manus

334 1923 650 1989 pervenisse.
723 1922 896 1984 Quare
935 1922 1032 1974 hoc
1069 1925 1228 1976 totius
1273 1922 1558 1991 theologiae
1600 1931 1655 1977 'et
1692 1926 1983 1992 scripturae
2019 1923 2211 1976 funda·-

337 2004 570 2052 mentum
588 2036 605 2063 ,
645 2001 884 2064 quamvis
911 1999 1268 2052 mathematica
1291 2000 1727 2053 demonstratione
1747 2001 1945 2052 ostendi
1970 2007 2207 2069 nequeat,

337 2090 464 2128 sano
492 2082 662 2127 tamen
690 2075 883 2134 iudicio
911 2077 1285 2144 amplectimur.
1359 2077 1443 2129 37.
1480 2079 1613 2128 Nam
1640 2077 1841 2130 inscitia
1870 2076 2079 2144 quidem
2108 2083 2211 2138 est,

339 2151 393 2202 id
419 2151 560 2217 quod
589 2159 663 2203 tot
691 2152 1054 2220 prophetarum
1082 2155 1396 2206 testimoniis
1422 2152 1777 2206 confirmatum
1808 2161 1911 2217 est,
1954 2161 2004 2205 et
2029 2167 2087 2204 ex
2104 2167 2211 2218 quo

341 2242 587 2295 magnum
615 2229 846 2281 solamen
877 2230 971 2293 iis,
1013 2232 1102 2297 qui
1134 2232 1328 2283 ratione
1356 2245 1460 2281 non
1491 2232 1560 2281 ita
1586 2229 1808 2295 pollent,
1848 2233 2007 2282 oritur
2034 2238 2084 2282 et
2102 2231 2213 2281 rei-

342 2304 580 2372 publicae
610 2320 712 2357 non
741 2306 1014 2360 mediocris
1042 2307 1236 2358 utilitas
1264 2307 1529 2373 sequitur,
1567 2313 1619 2358 et
1653 2307 1794 2372 quod
1830 2307 2065 2359 absolute
2101 2307 2217 2360 sine

343 2382 570 2449 periculo
589 2389 679 2434 aut
695 2381 885 2433 damno
903 2383 1106 2435 credere
1127 2397 1409 2454 possumus
1425 2421 1439 2445 ‚
1478 2384 1617 2447 nolle
1638 2391 1810 2436 tamen
1832 2384 2099 2451 amplecti,
2130 2384 2216 2450 id-

343 2473 444 2524 que
465 2472 523 2510 ea
542 2458 654 2509 sola
673 2459 736 2511 de
757 2473 911 2510 causa
927 2498 940 2521 ,
963 2459 1085 2525 quia
1107 2459 1461 2512 mathematice
1482 2460 1818 2513 demonstrari
1837 2463 2041 2526 nequit3
2066 2462 2217 2526 quasi

343 2547 460 2586 vero
484 2533 550 2584 ad
568 2533 724 2586 vitam
741 2535 999 2601 sapienter
1017 2536 1386 2589 instituendam
1406 2535 1531 2588 nihil
1555 2545 1815 2603 tamquam
1834 2552 2011 2590 verum
2028 2538 2218 2590 admit-

344 2618 516 2663 tamus
531 2650 544 2673 ,
567 2609 706 2675 quod
726 2610 829 2662 ulla
851 2611 1122 2664 dubitandi
1141 2615 1338 2666 ratione
1358 2615 1412 2666 in
1434 2614 1653 2667 dubium
1674 2615 1895 2666 revocari
1914 2621 2069 2680 queat
2083 2653 2097 2676 ,
2129 2621 2220 2666 aut

345 2687 484 2756 quod
510 2686 785 2754 pleraeque
814 2695 1018 2740 nostrae
1045 2683 1277 2743 ¹actiones
1315 2705 1418 2743 uon
1453 2689 1733 2743 admodum
1770 2692 1992 2744 incertae
2030 2691 2134 2749 sint
2168 2697 2218 2742 et

345 2765 451 2816 alea
489 2759 687 2830 pl'enae.
761 2764 847 2816 38.
885 2765 1142 2830 Equidem
1178 2766 1368 2831 fateor,
1407 2768 1497 2834 qui
1534 2775 1716 2834 putant
1750 2767 2130 2835 philosophiam
2166 2772 2218 2817 et

347 2840 654 2904 theologiam
679 2841 782 2892 sibi
811 2843 1025 2894 invicem
1055 2843 1434 2907 contradicere,
1474 2852 1524 2896 et
1550 2851 1815 2910 propterea
1853 2845 2149 2896 alterutram
2188 2857 2217 2894 e

347 2931 442 2966 suo
461 2931 616 2982 regno
638 2913 1012 2970 deturbandam
1031 2921 1350 2984 existimant,
1390 2928 1439 2972 et
1458 2921 1580 2973 huic
1597 2928 1687 2973 aut
1706 2921 1776 2973 illi
1806 2919 2213 2983 valedicendum,

451 3083 490 3132 ·)
525 3082 624 3128 vid.
647 3095 748 3142 cap.
771 3089 836 3130 12.
859 3089 900 3140 ς.
920 3089 988 3131 83.
1008 3098 1113 3145 sqq.
