2548 3485
1002 217 1383 264 PRAEFATIO.
1662 225 1665 228 ’
2094 214 2133 272 5

251 395 604 450 efficacissimo
623 398 805 450 oritur.
877 399 931 450 8.
955 399 1126 462 Quam
1143 397 1321 463 itaque
1338 394 1487 447 facile
1504 396 1591 458 sit,
1615 403 1676 448 ut
1692 397 1933 450 homiues
1950 399 2134 464 quovis

247 475 639 542 superstitionis
659 488 844 540 genere
863 477 1146 542 cupiantur,
1185 481 1289 525 tam
1312 471 1514 525 difficile
1532 481 1707 526 contra
1725 482 1807 527 est
1822 473 2037 536 efficere,
2073 482 2137 527 ut

247 555 300 604 in
329 567 438 604 uno
471 553 762 620 eodemque
789 559 1051 619 perstent3
1086 553 1190 604 imo
1220 552 1344 618 quia
1360 551 1548 618 vulgus
1566 565 1773 619 semper
1791 567 1953 619 aeque
1972 553 2134 604 mise-

247 643 363 682 rum
394 638 595 696 manet,
631 629 748 682 ideo
777 643 1038 696 nusquam
1067 628 1157 682 diu
1183 628 1493 694 acquiescit,
1532 629 1625 680 sed
1654 629 1709 680 id
1740 637 1938 682 tautum
1964 629 2132 682 eidem

247 707 467 760 maxime
495 709 689 774 placet,
728 705 869 774 quod
899 721 1086 758 novum
1117 714 1196 758 est
1225 705 1469 772 quodque
1499 706 1731 758 nondum
1749 707 1961 770 fefellit,
2000 699 2133 773 quae

247 785 462 852 quide'm
491 784 836 837 inconstantia
861 783 1143 836 multorum
1171 782 1495 834 tumultuum
1522 792 1573 834 et
1599 783 1857 837 bellorum
1885 786 2135 837 atrocium

245 875 403 914 causa
429 861 548 914 fuit.
621 863 752 914 Nam
769 902 783 925 ,
823 867 882 914 ut
909 873 968 913 ex
986 861 1142 914 modo
1161 861 1315 912 dictis
1335 866 1477 927 patet
1493 867 1545 912 et
1560 861 1773 914 curtius
1790 863 1945 914 etiam
1962 861 2056 913 lib.
2080 864 2132 914 4.

247 943 363 1006 cap.
398 940 491 992 1⁰.
543 939 736 1006 optime
780 939 1009 1000 notavit,
1063 937 1202 988 nihil
1235 940 1504 1004 efficacius
1535 939 1929 990 multitudinem
1968 943 2131 1005 regit,

247 1029 410 1083 quam
428 1009 754 1084 superstitio.
830 1017 981 1067 Unde·
998 1014 1080 1080 fit,
1123 1023 1180 1067 ut
1199 1015 1345 1067 facile
1364 1016 1536 1082 specie
1557 1015 1822 1083 religionis
1838 1016 2132 1078 inducatur,

244 1107 390 1146 nunc
407 1103 556 1160 reges
575 1107 703 1146 suos
722 1100 968 1160 tauquam
989 1093 1116 1145 deos
1135 1091 1347 1145 adorare
1362 1132 1377 1156 ‚
1414 1100 1467 1145 et
1484 1107 1665 1146 rursus
1685 1093 1895 1146 eosdem
1915 1096 2136 1146 execrari

243 1185 304 1222 ac
323 1177 576 1236 tanquam
596 1184 925 1222 communem
945 1171 1150 1236 generis
1166 1169 1385 1221 humani
1400 1177 1600 1237 pestem
1619 1169 1881 1222 detestari.
1948 1172 2001 1222 9.
2018 1173 2137 1224 Hoc

243 1260 366 1314 ergo
394 1247 594 1300 malum
623 1256 682 1300 ut
707 1249 978 1310 vitaretur,
1018 1247 1200 1314 ingens
1219 1247 1452 1300 studium
1470 1247 1759 1300 adhibitum
1778 1255 1887 1313 est,
1926 1248 1991 1301 ad
2010 1249 2136 1300 reli-

245 1325 456 1391 gionem
485 1337 654 1376 veram
683 1332 773 1377 aut
798 1339 978 1377 vanam
1009 1315 1154 1376 c'ultu
1183 1330 1236 1375 et
1257 1331 1507 1392 apparatu
1544 1327 1612 1377 ita
1650 1325 2035 1389 adornandum,
2076 1334 2135 1379 ut

213 1445 220 1451 .
242 1403 390 1454 omni
416 1408 683 1455 momento·
706 1403 901 1468 *gravior
917 1400 1192 1454 haberetur
1208 1415 1520 1468 summaque
1538 1401 1861 1456 observantia
1879 1403 1945 1456 ab
1964 1405 2136 1454 omui-

244 1478 348 1530 bus
367 1493 578 1545 semper
594 1477 872 1540 colei-etun
915 1479 1055 1544 quod
1077 1478 1290 1545 quidem
1308 1480 1491 1532 Turcis
1510 1479 1809 1531 felicissime
1829 1481 2011 1543 cessit,
2044 1481 2135 1546 qui

245 1557 402 1607 etiam
421 1555 688 1623 disputare
706 1555 852 1608 nefas
873 1553 1083 1619 hahent,
1110 1563 1160 1607 et
1177 1555 1431 1608 iudicium
1451 1557 1870 1624 uniuscuiusque
1888 1563 1963 1609 tot
1984 1571 2136 1624 prae-

243 1633 456 1684 iudiciis
486 1639 766 1700 occupant,
804 1639 865 1684 ut
889 1633 1094 1684 nullum
1122 1633 1176 1684 in
1205 1641 1379 1685 mente
1405 1632 1578 1686 locum
1607 1647 1763 1686 sanae
1780 1635 1965 1687 rationi
1984 1649 2051 1687 ne
2068 1634 2134 1685 ad

245 1709 594 1763 dubitandum
614 1711 826 1779 quidem
845 1711 1160 1777 relinquant.

350 1790 438 1841 10.
477 1789 670 1839 Verum
700 1788 958 1840 enimvero
989 1789 1039 1839 si
1056 1788 1325 1854 regiminis
1344 1788 1653 1841 monarchici
1672 1804 1939 1842 summurn
1960 1792 2027 1841 sit
2046 1805 2133 1841 ar·-

237 1878 436 1917 canum
455 1866 676 1931 eiusque
694 1866 904 1917 omnino
923 1867 1145 1929 intersit,
1184 1864 1423 1919 homines
1442 1866 1913 1933 deceptos-habere,
1952 1874 2007 1918 et.
2019 1876 2136 1919 mea

244 1949 360 1995 tum
376 1981 392 2005 ,
432 1956 540 2009 quo
559 1943 764 1994 retineri
785 1942 989 2008 debent,
1025 1944 1266 2009 specioso
1286 1943 1551 2009 religlonis
1571 1945 1785 1996 nomine
1803 1944 2130 2008 adumbrare,

232 2026 306 2071 ut
322 2033 420 2087 pro
435 2020 643 2073 servitio
663 2025 908 2085 tauquam
925 2035 1020 2087 pro
1038 2021 1206 2072 salute
1227 2028 1482 2087 pugnent,
1522 2027 1575 2073 et
1594 2035 1661 2074 ne
1680 2029 1829 2089 turpe
1842 2060 1857 2084 ‚
1896 2022 1989 2073 sed
2020 2037 2133 2074 ma·
2175 2024 2184 2034 ’“

242 2096 443 2149 simum
475 2096 635 2148 decus
665 2110 780 2149 esse
807 2104 1017 2163 putent,
1057 2100 1110 2149 in
1137 2099 1299 2151 unius
1329 2097 1555 2149 hominis
1571 2100 1894 2151 iactationem
1914 2101 2133 2167 sangui-

241 2188 366 2225 nem
398 2175 729 2239 animamque
755 2172 1083 2241 impendet-ez
1122 2174 1249 2227 nihil
1280 2182 1457 2227 contra
1488 2176 1541 2226 iu
1571 2173 1733 2226 libera
1761 2175 2025 2243 republica
2044 2192 2133 2228 ex-

241 2252 460 2317 cogitari
479 2290 494 2314 ‚
536 2265 630 2302 nec
662 2250 922 2303 infelicius
949 2254 1135 2304 tentari
1169 2258 1367 2319 potest:
1409 2251 1833 2317 quandoquidem
1869 2256 2134 2305 communi

244 2328 472 2380 libertati
492 2328 702 2379 omnino
720 2335 974 2395 repugnat
987 2369 1001 2392 ,
1039 2329 1260 2382 liberum
1280 2329 1697 2395 uniuscuiusque
1714 2328 1963 2383 iudicium
1980 2344 2134 2399 prae-

241 2406 454 2457 iudiciis
475 2418 726 2475 occupare
745 2406 822 2458 vel
843 2406 1016 2473 aliquo
1034 2407 1188 2458 modo
1207 2411 1459 2459 coercere.
1535 2406 1619 2460 11.
1658 2408 1724 2458 Et
1743 2406 1884 2473 quod
1902 2405 1969 2459 ad
1990 2409 2133 2461 sedi-

244 2486 416 2535 tiones
437 2482 634 2546 attinet,
655 2495 789 2549 quae
807 2484 980 2549 specie
997 2483 1259 2551 religionis
1280 2484 1619 2546 concitantur,
1658 2496 1749 2537 eae
1765 2483 1993 2551 profecto
2011 2487 2133 2539 inde

241 2567 450 2612 tantum
479 2561 714 2613 oriuntur
729 2599 743 2622 ,
781 2560 926 2627 quod
944 2561 1084 2627 leges
1103 2561 1166 2613 de
1189 2560 1345 2613 rebus
1366 2560 1697 2627 speculativis
1716 2562 2037 2626 conduntur,
2078 2570 2131 2617 et

246 2635 393 2705 quod
410 2636 680 2703 opiniones
699 2644 946 2705 tanquam
966 2638 1158 2690 scelera
1175 2648 1270 2705 pro
1289 2639 1501 2691 crimine
1520 2638 1774 2691 habentur
1790 2652 1850 2691 ac
1869 2640 2129 2692 damnan-

243 2724 333 2767 tur
347 2754 362 2779 ‚
403 2728 630 2781 quarum
654 2714 954 2768 defensores
974 2722 1024 2766 et
1041 2716 1269 2767 asseclae
1289 2730 1393 2769 non
1412 2714 1653 2783 publicae
1672 2716 1857 2780 saluti,
1894 2716 1990 2770 sed
2008 2717 2127 2769 odio

243 2806 303 2846 ac
324 2792 570 2844 saevitiae
590 2792 997 2844 adversariorum
1017 2798 1214 2844 tantum
1246 2794 1599 2847 immolantur.
1670 2794 1825 2858 Quod
1854 2795 1901 2845 si
1930 2810 1989 2847 ex
2016 2796 2129 2847 iure

242 2870 450 2937 imperii
467 2880 575 2920 non
593 2871 694 2921 nisi
705 2872 872 2936 facta
891 2876 1262 2935 arguerentur,
1295 2877 1349 2922 et
1365 2872 1510 2922 dicta
1527 2874 1737 2942 impune
1756 2876 1928 2923 cuent
1939 2911 1956 2935 ,
1988 2872 2131 2924 nulla

242 2947 374 3000 iuris
405 2947 578 3013 specie
607 2947 806 2999 similes
833 2948 1116 3000 seditiones
1142 2948 1309 3000 ornari
1336 2956 1553 3018 possent
1569 2962 1665 3001 nec
1682 2950 2055 3001 controversiae
2074 2950 2129 3000 in

245 3024 532 3077 seditiones
549 3030 883 3077 verterentur.
959 3024 1041 3078 12.
1075 3025 1251 3088 Quum
1271 3026 1445 3091 itaque
1466 3025 1619 3077 nobis
1638 3025 1764 3077 haec
1782 3038 1893 3077 rara
1912 3026 2129 3079 felicitas

246 3102 518 3167 contigerit
538 3141 552 3164 ‚
606 3110 664 3155 ut
699 3103 754 3153 in
790 3101 1052 3168 republica
1089 3103 1323 3155 vivamus
1344 3142 1357 3164 ,
1418 3104 1509 3154 ubi
1544 3103 1829 3167 unicuique
1865 3102 2129 3155 iudicandi

245 3172 459 3231 libertas
480 3178 676 3247 integra
695 3186 746 3232 et
762 3181 931 3233 Deum
961 3191 1020 3233 ex
1045 3191 1144 3233 suo
1167 3179 1373 3247 ingenio
1402 3180 1567 3232 colere
1596 3180 1917 3244 conceditur,
1958 3185 2011 3229 et
2035 3175 2126 3228 uhi
