2548 3485
304 122 428 183 202
700 126 1088 174 TRACTATUS
1124 128 1525 174 Tnssomfflco
1537 156 1561 166 -
1572 128 1780 174 Pou‘r.

301 304 514 371 pietatis
533 310 583 355 et
601 302 943 357 obedientiae.
1015 306 1102 359 22.
1139 306 1272 357 Nam
1292 304 1503 359 rationis
1518 305 1771 371 potentia,
1804 304 1981 357 utiam
2000 310 2179 358 osten·-

304 380 504 443 dimus‚
543 395 650 433 non
679 396 740 433 eo
768 396 936 447 usque
963 397 1022 435 se
1051 382 1303 443 extendit,
1344 390 1402 433 ut
1426 381 1766 434 determinare
1803 382 1999 449 possit,
2036 378 2177 447 quod

301 457 537 509 homines
567 458 676 509 sola
705 457 994 511 obedientia
1016 458 1225 525 absque
1253 474 1428 511 rerum
1457 458 1791 525 intelligentia
1828 458 2033 525 possint
2064 471 2179 509 esse

301 532 456 587 beati.
528 534 802 601 'theologia
837 548 956 587 vero
990 535 1116 587 nihil
1150 542 1351 601 praeter
1386 535 1485 587 hoc
1521 535 1674 587 dictat
1712 534 1943 600 nihilque
1978 540 2179 599 praeter

303 608 647 663 obedientiam
681 612 928 678 imperat,
965 619 1018 663 et
1044 620 1218 665 contra
1243 613 1497 665 rationem
1517 612 1649 663 nihil
1669 613 1777 665 vult
1794 625 1963 677 neque
1982 617 2173 676 potest.

305 688 391 739 23.
429 686 572 739 Fidei
601 687 740 739 enim
772 686 1006 753 dogmata
1035 688 1193 755 (utin
1216 688 1551 755 praecedente
1569 689 1733 756 capite
1752 690 1799 752 ¹)
1821 686 2175 754 ostendimus)

304 771 519 817 eatenus
550 770 747 815 tantum
777 762 1106 831 determinat,
1149 772 1404 831 quatenus
1430 764 1752 817 obedientiae
1786 763 2005 825 sufficit;
2042 778 2177 829 quo-

303 840 458 892 modo
495 846 666 891 autem
703 840 932 908 praecise
970 842 1164 893 ratione
1201 842 1427 893 veritatis
1463 841 1791 908 intelligenda
1818 842 1949 907 sint,
1990 840 2177 893 rationi

305 916 752 969 determinandum
782 918 1057 983 relinquit,
1096 932 1230 983 quae
1255 932 1425 971 revera
1454 921 1643 971 mentis
1680 918 1769 971 lux
1793 926 1899 981 est,
1938 918 2050 969 sine
2078 932 2179 981 qua

303 994 433 1045 nihil
451 992 588 1043 videt
605 1000 802 1060 praeter
820 995 1079 1047 insomnia
1097 1002 1148 1045 et
1165 994 1425 1059 figmenta.
1498 998 1589 1049 24.
1624 996 1797 1061 Atque
1818 994 1899 1047 hic
1919 1009 2013 1061 per
2030 995 2181 1044 theo-—

305 1071 506 1135 logiam
525 1071 754 1135 praecise
773 1070 1002 1137 intelligo
1021 1072 1378 1123 revelationem
1392 1110 1409 1136 ,
1450 1078 1707 1137 quatenus
1734 1070 1924 1123 indicat
1942 1084 2177 1135 scopum,

305 1160 462 1212 quem
491 1146 716 1199 diximus
736 1148 1057 1214 Scripturam
1089 1148 1354 1199 intendere
1382 1147 1596 1214 (nempe
1623 1149 1872 1205 rationem
1898 1154 1949 1198 et
1968 1146 2179 1199 modum

305 1222 578 1275 obediendi
607 1224 714 1275 sive
741 1238 886 1275 verae
914 1225 1120 1291 pietatis
1145 1232 1198 1277 et
1222 1224 1339 1277 fidei
1371 1224 1662 1292 dogmata),
1700 1224 1798 1275 boc
1828 1230 1933 1288 est,
1966 1223 2019 1275 id
2040 1222 2179 1289 quod

307 1302 511 1366 proprie
537 1307 745 1351 vocatur
761 1302 859 1351 Dei
885 1302 1128 1363 verbum,
1168 1301 1307 1367 quod
1327 1303 1379 1353 in
1408 1308 1547 1353 certo
1574 1314 1791 1353 numero
1809 1299 2056 1352 librorum
2076 1315 2179 1351 non

306 1376 570 1437 consistit;
611 1391 711 1441 qua
741 1375 805 1427 de
837 1392 892 1427 re
917 1377 1032 1429 vide
1060 1392 1172 1443 cap.
1192 1378 1381 1442 X11.²)
1451 1378 1779 1443 Theologiam
1809 1378 1949 1429 enim
1978 1378 2056 1429 sic
2090 1391 2180 1427 ae-

309 1460 537 1519 ceptam,
575 1452 622 1503 si
651 1454 766 1504 eius
793 1461 1061 1521 praecepta
1089 1456 1194 1507 sive
1213 1453 1523 1507 documenta
1543 1456 1672 1507 vitae
1688 1460 1916 1521 spectes,
1957 1467 2073 1505 cum
2096 1467 2181 1503 ra·—

306 1532 443 1581 tione
471 1530 764 1591 convenire,
803 1538 857 1581 et
881 1531 930 1581 si
959 1532 1070 1584 eius
1095 1531 1353 1583 intentum
1382 1538 1433 1584 et
1456 1529 1611 1582 finem
1628 1568 1642 1592 ‚
1680 1529 1821 1583 nulla
1848 1530 1901 1581 in
1930 1544 1985 1581 re
2010 1529 2179 1582 eidem

306 1620 590 1672 repugnare
635 1606 920 1672 comperies
937 1644 952 1668 ,
1010 1612 1064 1657 et
1107 1615 1373 1672 propterea
1426 1606 1669 1659 omnibus
1720 1606 2028 1659 universalis
2078 1613 2177 1657 est.

305 1684 394 1738 25.
449 1681 601 1744 Quod
639 1681 702 1733 ad
745 1688 900 1733 totam
939 1682 1256 1748 Scripturam
1294 1685 1349 1734 in
1386 1698 1571 1751 genere
1605 1683 1821 1746 attinet,
1876 1684 1979 1735 iam
2026 1684 2179 1735 etiem

307 1774 419 1826 cap.
439 1760 557 1810 vn.
580 1757 902 1812 ostendimus
921 1759 996 1822 ⁸),
1027 1760 1144 1812 eius
1165 1773 1381 1814 sensum
1402 1776 1461 1812 ex
1478 1761 1590 1814 sola
1611 1763 1723 1812 eius
1741 1760 1947 1813 historia
1962 1800 1981 1823 ,
2009 1767 2059 1814 et
2076 1775 2179 1812 non

307 1851 368 1888 ex
400 1833 676 1888 universali
711 1834 922 1886 historia
952 1843 1192 1900 naturae,
1230 1852 1364 1904 quae
1398 1838 1563 1890 solius
1599 1837 1952 1904 philosophiae
1989 1837 2179 1888 funda-

308 1917 538 1964 mentum
577 1918 679 1974 est,
727 1910 1173 1964 determinandum
1220 1929 1365 1978 esse3
1420 1929 1517 1966 nec
1556 1913 1705 1966 nohis
1741 1928 1937 1966 moram
1973 1914 2181 1966 iniicere

309 1988 484 2050 debet,
518 1989 565 2040 si
585 1996 860 2056 postquam
881 1990 992 2041 eius
1009 2003 1188 2041 verum
1208 2005 1422 2043 sensum
1444 1993 1519 2042 sie
1534 1991 1982 2057 investigavimus,
2012 1992 2177 2056 ipsam

307 2065 390 2116 hic
425 2065 528 2116 illic
565 2066 744 2118 rationi
779 2079 1064 2131 repugnare
1099 2067 1499 2133 comperiemus.
1572 2069 1700 2120 Nam
1737 2067 1984 2133 quicquid
2024 2066 2178 2118 huius

309 2142 512 2208 generis
529 2143 582 2194 in
601 2140 785 2214 Bibliis
806 2143 1084 2208 reperitur,
1122 2143 1199 2195 vel
1229 2144 1371 2208 quod
1392 2143 1628 2196 homines
1648 2143 1783 2196 salva
1804 2145 2009 2196 caritate
2028 2144 2177 2207 igno·-

309 2233 421 2270 rare
449 2225 702 2284 possunt,
741 2217 796 2269 id
824 2225 962 2270 certo
989 2218 1188 2270 scimus
1224 2219 1529 2285 theologiam
1568 2221 1673 2273 sive
1706 2219 1918 2272 verbum
1946 2221 2040 2271 Dei
2077 2233 2178 2271 non

309 2303 540 2361 tangere,
574 2301 626 2348 et
644 2302 1018 2360 consequenter
1036 2309 1465 2363 unumquemque
1483 2297 1548 2349 de
1566 2298 1631 2349 iis
1650 2297 1901 2363 quicquid
1918 2297 2038 2348 velit
2056 2311 2180 2348 sen-

310 2373 405 2422 tire
425 2385 580 2437 posse
601 2369 799 2436 absque
817 2371 1030 2424 scelere.
1077 2370 1333 2424 Absolute
1352 2373 1508 2437 igitur
1526 2374 1905 2436 concludimus,
1926 2372 2065 2440 quod
2085 2387 2181 2425 nec

311 2447 569 2512 Scriptura
592 2448 802 2507 rationi,
842 2462 936 2498 nec
954 2447 1084 2498 ratio
1105 2449 1397 2514 scripturae
1417 2450 1851 2503 accommodanda
1870 2451 1957 2502 sit.

407 2524 495 2578 26.
517 2525 708 2576 Verum
728 2524 866 2574 enim
884 2537 1002 2576 vero
1019 2524 1439 2591 quandoquidem
1459 2526 1743 2593 theologiae
1762 2527 2177 2590 fundamentum,

311 2599 449 2667 quod
479 2598 674 2651 scilicet
699 2599 936 2652 homines
962 2600 1040 2652 vel
1070 2601 1182 2652 sola
1207 2602 1499 2655 obedientia
1526 2602 1815 2665 salvantur,
1852 2604 2049 2655 ratione
2078 2619 2179 2654 non

309 2691 595 2744 possumus
613 2675 991 2738 demonstrare,
1031 2691 1208 2730 verum
1225 2679 1323 2740 sit,
1362 2693 1427 2730 an
1448 2679 1633 2730 falsum
1648 2717 1663 2741 ,
1701 2687 1872 2745 potest
1890 2694 2009 2746 ergo
2027 2678 2180 2732 nohis

311 2749 466 2806 etiam
500 2752 678 2806 obiici:
717 2767 810 2806 cur
843 2751 999 2819 igitur
1029 2752 1083 2808 ld
1109 2749 1407 2808 eredimus?
1474 2756 1527 2808 Si
1558 2757 1671 2808 sine
1698 2757 1891 2810 ratione
1918 2765 2178 2822 tamquam

415 2955 458 3004 1)
493 2953 594 2998 Vid.
615 2966 717 3010 cap.
740 2955 802 2998 14.
825 2951 868 3009 β.
889 2956 956 2997 23.
977 2966 1082 3012 sqq.

414 3013 458 3062 2)
493 3012 592 3056 Vid.
613 3025 715 3068 cap.
738 3015 802 3057 12.
825 3017 866 3068 ς.
887 3017 954 3057 25.
974 3026 1078 3072 sqq.

413 3071 458 3120 3)
491 3068 590 3113 Vid.
611 3083 712 3128 cap.
731 3073 770 3115 τ.
792 3075 834 3127 ς.
854 3076 894 3118 6.
915 3087 1019 3132 sqq.
