2548 3485
1101 135 1240 203 car.
1290 133 1377 179 ιν.
1628 169 1634 175 .
1736 208 1745 214 υ
2096 130 2178 190 63

295 316 466 382 ipsam
495 329 666 380 rerum
685 312 1136 366 coordinationem
1160 312 1735 377 et'eoncatenatlonem,
1774 311 1872 364 boc
1898 319 2006 376 est,
2045 327 2182 378 qno-

297 394 456 445 modo
475 407 556 444 res
577 406 748 443 revera
763 390 1030 442 ordinatae
1049 399 1101 443 et
1118 397 1479 442 concatenatae
1498 398 1648 453 sunt,
1691 389 1846 456 plane
1860 391 2179 455 ignoremuS,

287 462 530 535 'adeoque
549 469 616 520 ad
633 483 788 520 usum
808 470 940 528 vitae
959 469 1164 530 melius,
1203 469 1311 519 imo
1329 481 1543 520 necesse
1562 459 1669 529 est,
1708 481 1792 523 res
1820 474 1880 519 ut
1896 466 2183 534 possibiles

299 546 648 606 considerare.
719 547 862 598 Haec
880 547 946 596 de
965 544 1076 612 lege
1095 545 1334 597 absolute
1353 544 1759 605 considerata..

239 683 243 688 ,
285 677 292 681 ,
404 627 454 676 5.
492 624 686 674 Verum
716 624 854 676 enim
883 637 1001 675 vero
1029 623 1277 688 quoniam
1308 635 1498 678 nomen
1526 623 1653 688 legis
1681 635 1772 689 per
1799 597 2184 674 translationem

295 701 364 752 ad
383 715 464 752 res
485 699 746 752 naturales
763 701 1078 768 applicatum
1095 701 1321 764 ridetur,
1360 707 1415 750 et
1432 700 1777 752 communiter
1804 713 1897 766 per
1912 699 2084 764 legem
2102 702 2187 750 ni-

296 778 369 829 hil
390 777 530 829 aliud
551 777 878 844 intelligitur,
920 792 1074 843 quam
1093 776 1424 839 mandatum,
1458 776 1597 842 quod
1618 778 1858 844 homiues
1876 784 1926 829 et
1943 778 2186 844 perlicere

295 854 352 906 et
379 855 636 920 negligere
663 862 913 922 possunt,
955 860 1136 922 utpote
1161 855 1285 920 qula
1312 855 1606 920 potentiam
1615 839 1895 906 humanam
1912 853 2016 906 sub
2032 856 2186 906 certis

297 931 582 993 limitibus,
603 933 755 984 ‚ultra
784 946 918 998 quos
945 947 1004 984 se
1033 931 1285 994 extendit,
1326 932 1658 998 constringit,
1698 931 2005 996 neealiqnid
2026 946 2187 998 supra

299 1008 434 1060 vires
459 1010 704 1076 imperatu
743 1009 974 1078 ideoleoe
1001 1009 1365 1075 particularius
1391 1007 1683 1061 definienda
1712 1008 1938 1069 videtur,
1976 1021 2184 1075 nempe,

303 1086 444 1152 quod
481 1087 554 1138 sit
585 1088 732 1137 ratio
767 1085 980 1138 vivendi
997 1124 1012 1147 ‚
1049 1103 1212 1153 quam
1246 1087 1400 1138 homo
1430 1089 1539 1138 sibi
1570 1086 1657 1138 vel
1690 1083 1816 1136 aliis
1851 1088 1915 1136 ob
1956 1086 2188 1152 aliquem

288 1165 460 1230 finem
471 1165 810 1230 ρνασισνίῠίι.
883 1165 936 1216 6.
971 1164 1240 1224 Attamen,
1283 1165 1535 1230 quoniam
1550 1177 1701 1215 verus
1720 1161 1843 1214 finis
1862 1163 2035 1228 legum
2055 1177 2188 1230 pau—

303 1240 378 1290 cis
405 1247 604 1292 tantum
631 1246 804 1305 patere
832 1240 992 1304 solet,
1029 1248 1084 1292 et
1107 1239 1483 1306 perplurimum
1511 1239 1749 1292 homines
1777 1238 1843 1290 ad
1870 1254 1991 1302 eum
2012 1241 2185 1306 perci-

303 1317 550 1382 piendum
586 1317 690 1368 fere
715 1317 877 1384 inepti
909 1324 1059 1381 sunt,
1091 1311 1303 1369 'et'nibil
1326 1319 1503 1368 minus
1522 1331 1679 1381 quam
1700 1331 1759 1367 ex
1777 1319 1973 1368 ratione
1992 1319 2184 1380 vivunt,

301 1394 422 1445 ideo
448 1393 797 1458 legislatores,
836 1400 898 1445 ut
919 1408 1103 1445 omnes
1139 1408 1305 1459 aeque
1341 1394 1775 1459 constringerent,
1814 1391 1986 1444 alium‘
2010 1393 2183 1456 linem,
2240 1438 2244 1442 .

235 1527 240 1532 ,
303 1470 456 1535 longe
483 1470 744 1522 diversum
769 1470 836 1524 ab
857 1485 946 1532 eo,
985 1473 1076 1535 qui
1105 1485 1165 1522 ex
1189 1471 1364 1538 legum
1394 1477 1580 1522 natura
1604 1471 1897 1522 necessario
1930 1473 2183 1536 sequitur,

303 1547 566 1612 sapienter
593 1555 910 1608 statuerunt,
949 1562 1136 1614 nempe
1164 1541 1337 1614 legum
1354 1545 1825 1614 propugnatoribus
1844 1548 2188 1614 promittendo

235 1617 241 1624 ’
302 1625 386 1686 id,
425 1624 566 1689 quod
595 1625 778 1692 vulgus
803 1624 1028 1676 maxime
1052 1631 1216 1689 amat,
1256 1633 1309 1678 et
1342 1627 1628 1687 contraiis,
1668 1627 1759 1690 qui
1796 1639 1887 1676 eas
1922 1625 2186 1688 violarent,

235 1712 243 1732 ²
307 1701 596 1755 minitando
623 1702 678 1755 id
692 1707 715 1765 ‚‘
749 1701 890 1769 quod
917 1701 1134 1754 maxime
1161 1703 1333 1763 timet;
1374 1704 1555 1769 sicque
1590 1703 1761 1755 conati
1795 1711 1921 1755 sunt
1955 1702 2185 1769 vulgum,
2266 1735 2271 1742 -

305 1787 552 1845 tanquam
571 1795 765 1847 equum
779 1780 952 1842 freno,
973 1778 1145 1844 quoad
1163 1780 1279 1831 eius
1298 1778 1407 1833 fleri
1426 1786 1623 1847 potest„
1638 1779 1893 1837 cohibere.
1967 1782 2018 1833 7.
2040 1781 2189 1833 Unde

306 1857 504 1909 {aetum
521 1865 600 1909 est
613 1896 628 1918 ,
667 1865 724 1909 ιιι
739 1872 832 1923 pro
849 1856 962 1921 lege
979 1858 1198 1909 maxime
1213 1856 1490 1909 haberetur
1505 1851 1654 1909 mtt'o'
1669 1856 1895 1919 vivendi,
1934 1872 2069 1922 quae
2088 1860 2189 1909 leo-

307 1936 537 1985 minibm
565 1946 634 1985 exc
659 1934 888 1985 aliorum
922 1936 1144 2000 imperio
1172 1934 1595 2001 praeter-ibim5
1630 1942 1682 1985 et
1718 1941 2093 2000 consequenter
2132 1941 2194 1986 ut

303 2012 340 2063 ii
355 2012 501 2077 ,qui
531 2010 734 2076 legibus
760 2011 1144 2077 obtemperant,
1181 2011 1285 2063 sub
1313 2011 1427 2077 lege
1452 2011 1617 2063 vivere
1646 2011 1896 2065 dicantur·
1914 2018 1966 2063 et
2000 2012 2189 2063 servire

289 2126 298 2152 ·.
305 2087 594 2141 videantur
663 2088 734 2139 Et
751 2102 922 2139 revera
940 2088 1031 2153 qui
1051 2090 1333 2163 unicuique
1350 2102 1507 2139 suum
1517 2086 1733 2151 tribuit,
1758 2088 1883 2153 quia
1898 2088 2189 2155 patibulum

307 2166 482 2226 timet,
501 2165 548 2216 is
569 2178 628 2233 ex
644 2164 889 2217 alterins·
875 2168 1092 2255 imperio
1109 2174 1160 2219 et
1176 2164 1315 2217 malo
1334 2171 1543 2217 coactus
1560 2166 1689 2231 agit,
1722 2179 1819 2217 nec
1833 2166 2007 2217 iustus
2023 2167 2190 2217 vocari

309 2236 506 2307 potest;
545 2230 682 2311 atis,
703 2242 797 2308 qui
815 2243 1098 2307 unicuique
1117 2256 1274 2293 suum
1292 2242 1491 2305 tribuit,
1514 2256 1573 2294 ex
1590 2256 1653 2293 eo
1670 2240 1811 2307 quod
1830 2256 1998 2294 veram
2016 2243 2189 2309 legum

309 2316 559 2370 rationem
575 2302 626 2371 et
645 2333 826 2371 earum
847 2321 1206 2382 necessitatem
1225 2320 1389 2383 novit,
1427 2321 1475 2371 is
1501 2310 1674 2372 animo
1700 2319 1957 2377 constanti
1973 2322 2099 2386 agit,
2141 2328 2192 2373 et

309 2409 370 2447 ex
389 2396 623 2463 proprio,
660 2411 765 2448 non
785 2411 906 2447 vero
932 2396 1098 2448 alieno
1126 2396 1359 2457 decreto;
1398 2396 1630 2463 adeoque
1655 2398 1875 2449 iustus
1898 2400 2079 2449 merito
2098 2412 2192 2449 vo-
2228 2430 2237 2439 ·

217 2474 224 2479 '
309 2480 470 2525 catur.
543 2474 596 2524 8.
635 2474 790 2537 Quod
809 2476 966 2525 etiam
984 2474 1207 2526 Paulum
1225 2474 1411 2526 docere
1429 2475 1655 2530 voluisse
1666 2483 1799 2541 puto
1818 2514 1831 2535 ,
1860 2488 2029 2540 quum
2044 2475 2186 2539 dixit,
2224 2488 2231 2495 ·
2269 2473 2275 2479 ”

311 2564 426 2611 eos,
466 2551 558 2614 qui
575 2550 678 2603 sub
707 2551 820 2617 lege
835 2550 1098 2615 vivebant,
1136 2566 1228 2617 per
1246 2552 1411 2617 legem
1434 2551 1700 2605 iustificari
1727 2566 1831 2605 non
1857 2554 2091 2618 potuisse
2100 2553 2186 2621 *);

309 2627 413 2677 ius
425 2628 572 2679 titia
597 2630 733 2679 enim
748 2666 763 2690 ,
785 2637 843 2682 ut
861 2629 1203 2681 communiter
1222 2628 1463 2681 definitur
1476 2668 1491 2692 ,
1514 2636 1593 2681 est
1610 2636 1855 2681 constans
1875 2636 1927 2680 et
1942 2635 2191 2696 perpetua

310 2702 558 2755 voluntas.
581 2704 666 2755 ius
699 2720 854 2757 suum
893 2706 1082 2771 cuique
1099 2705 1406 2765 ‚tribuendi3
1448 2715 1499 2757 et
1533 2705 1650 2757 ideo
1686 2701 1929 2759 Salomon
1966 2720 2078 2771 cap.
2098 2707 2188 2759 21.

309 2794 357 2831 ιι.
392 2781 475 2832 15.
513 2781 662 2832 Prov.
701 2781 800 2844 ait,
846 2786 1044 2833 iustum
1080 2783 1304 2847 laetari,
1352 2798 1514 2850 quum
1534 2784 1613 2848 fit
1648 2784 1932 2846 iudicium,
1979 2784 2189 2847 iniquos

312 2854 490 2901 autem
507 2864 726 2915 pavere.
797 2851 848 2903 9.
886 2852 1064 2915 Quum
1091 2853 1264 2917 itaque
1294 2852 1394 2903 lex
1416 2850 1545 2904 nibil
1572 2851 1714 2903 aliud
1742 2852 1833 2912 sit,
1874 2864 2031 2915 quam
2059 2852 2189 2901 ratio

250 2948 254 2952 ·
311 2926 546 2988 vivendi,
585 2941 744 2993 quam
772 2926 1008 2981 homines
1036 2928 1102 2981 ob
1131 2928 1359 2994 aliquem
1386 2926 1543 2981 finem
1570 2927 1669 2978 sibi
1698 2928 1775 2978 vel
1801 2926 1916 2978 aliis
1934 2923 2189 2991 praescri-

413 3096 458 3153 ‘)
491 3094 623 3141 Rom.
643 3098 686 3147 3,
701 3097 768 3139 2⁰.
