2548 3485
1246 5 1249 7 ,
1261 3 1360 17 —-

1089 161 1228 208 ear.
1282 161 1425 208 xm.
2080 159 2199 221 18⁵

318 342 393 394 vel
413 341 588 409 potius
608 341 868 394 altercatio
887 340 1140 393 videatur.
1211 342 1262 393 5.
1299 341 1497 392 Verum
1516 339 1642 409 quid
1664 341 1837 404 miror,
1873 341 1918 392 si
1939 338 2195 402 homines,

319 419 408 486 qui
434 419 614 471 lumen
643 418 1030 485 supranaturaie
1069 416 1256 470 habere
1296 419 1513 480 iactant,
1550 418 1902 486 philosophis,
1947 419 2036 484 qui
2072 417 2199 470 nibil

318 502 514 564 praeter
531 497 760 548 naturale
779 495 986 557 habent,
1029 495 1196 546 nolint
1215 496 1507 562 cognitione
1524 491 1743 548 cedere?
1810 494 1867 546 ld
1888 509 2011 546 sane
2038 495 2201 547 mira-

317 589 425 636 rer,
464 573 510 625 si
537 573 664 640 quid
694 574 840 635 novi,
880 573 1022 640 quod
1051 573 1214 625 soiius
1243 579 1386 637 esset
1412 573 1810 640 speculationiS,
1851 572 2119 634 docerent,
2152 578 2202 624 et

317 650 458 718 quod
477 648 604 702 olim
621 650 761 718 apud
779 650 998 717 gentiles
1017 650 1357 717 philosophos
1377 665 1480 703 non
1502 649 1657 703 fuerit
1678 650 2025 710 tritissimum,
2064 665 2198 716 quos

319 734 490 780 tamen
520 729 822 780 caecutiisse
841 729 1003 779 aiunt.
1078 729 1208 800 Nam
1229 729 1276 780 si
1306 729 1568 793 inquiras,
1612 741 1867 794 quaenam
1887 729 2123 794 mysteria
2145 729 2198 780 in

318 806 579 873 Scriptura
597 805 753 856 latere
773 805 1004 867 videant,
1037 803 1169 856 nihil
1189 804 1416 870 profecto
1438 805 1661 872 reperies
1688 813 1889 872 praeter
1905 805 2199 856 Aristotelis

316 888 406 934 aut
432 881 661 934 Platonis
698 890 790 934 aut
823 881 1032 934 alterius
1069 883 1258 934 similis
1298 889 1613 944 commenta,
1654 896 1787 949 quae
1814 896 1970 948 saepe
1999 881 2199 933 facilius

317 960 483 1025 possit
499 960 666 1024 quivis
685 958 845 1011 idiota
865 959 1140 1022 somniare,
1180 974 1338 1025 quam
1358 959 1741 1011 literatissimus
1763 961 1813 1009 in
1835 960 2097 1025 Scriptura
2117 959 2201 1008 in-

317 1037 584 1102 vestigare.
659 1037 706 1088 6.
744 1037 950 1088 Etenim
979 1035 1216 1088 absolute
1242 1043 1467 1089 statuere
1503 1036 1781 1096 nolumus,
1821 1036 1885 1088 ad
1914 1036 2199 1088 doctrinam

319 1113 611 1179 Scripturas
661 1113 790 1165 nihil
835 1114 1120 1181 pertinere,
1169 1113 1311 1178 quod
1350 1113 1514 1165 solius
1550 1113 1619 1165 sit
1646 1113 2015 1180 speculationis
2051 1112 2200 1181 (nam

315 1191 370 1240 in
409 1191 664 1256 superiori
701 1191 886 1258 cap.*)
920 1189 1175 1257 quaedam
1214 1191 1373 1242 huius
1408 1192 1615 1256 generis
1641 1191 1909 1242 attulimus
1936 1199 2201 1256 tamquam

319 1268 612 1334 scripturae
643 1266 1110 1334 fundamentalia);
1150 1267 1244 1318 sed
1265 1267 1361 1319 hoc
1378 1274 1579 1318 tantum
1599 1268 1713 1321 volo
1729 1307 1743 1330 ,
1784 1268 1899 1319 talia
1918 1267 2201 1320 admodum

318 1358 481 1417 pauca
518 1351 673 1409 atque
709 1345 991 1396 admodum
1031 1343 1289 1410 simplicia
1326 1359 1461 1396 esse.
1536 1345 1587 1395 7.
1627 1346 1897 1408 Quaenam
1933 1352 2105 1396 autem
2140 1359 2201 1396 ea

319 1422 426 1472 sint
455 1427 504 1473 et
531 1435 632 1487 qua
662 1423 856 1473 ratione
878 1421 1315 1484 determinentur,
1351 1419 1440 1473 hic
1458 1421 1730 1473 ostendere
1748 1422 2021 1482 constitui;
2058 1421 2201 1488 qued

318 1497 472 1550 nobis
508 1499 611 1550 iam
651 1497 798 1550 facile
837 1500 954 1560 erit,
996 1508 1272 1566 postquam
1311 1499 1573 1568 nevimuS,
1614 1498 1911 1564 scripturae
1943 1499 2202 1551 intentum

321 1589 425 1626 non
449 1574 616 1627 fuisse
635 1577 881 1628 scientias
903 1576 1103 1628 docere.
1159 1577 1301 1626 Hinc
1320 1576 1459 1627 enim
1482 1575 1630 1626 facile
1648 1574 1875 1627 iudicare
1892 1589 2199 1642 possumus,

320 1651 447 1703 nihil
467 1659 668 1718 praeter
685 1652 1034 1704 obedientiam
1055 1653 1272 1704 eandem
1292 1651 1357 1702 ab
1378 1651 1678 1704 hominibus
1694 1653 1909 1718 exigere,
1932 1652 2203 1718 solamque

319 1731 712 1793 contumaciam,
755 1746 858 1781 non
879 1737 1051 1782 autem
1071 1731 1414 1797 ignorantiam
1434 1729 1697 1781 damnare.
1772 1730 1824 1781 8.
1862 1728 2061 1781 Deinde
2080 1733 2202 1797 quia

319 1805 610 1858 obedientia
635 1822 754 1873 erga
781 1809 952 1859 Deum
981 1809 1034 1858 in
1065 1807 1174 1859 solo
1202 1822 1377 1860 amore
1404 1808 1622 1874 proximi
1650 1808 1887 1859 consistit
1923 1806 2071 1875 (nam
2110 1811 2199 1874 qui

319 1885 608 1950 proximum
629 1883 818 1950 diligit,
850 1899 910 1936 eo
929 1885 1124 1937 scilicet
1143 1883 1244 1935 fine
1264 1893 1323 1935 ut
1338 1886 1448 1937 Deo
1468 1885 1784 1949 obsequatur
1797 1924 1811 1947 ,
1835 1886 1880 1935 is
1894 1922 1908 1944 ,
1932 1892 1991 1936 ut
2007 1886 2201 1937 Paulus

320 1962 388 2011 ait
405 1961 460 2012 in
479 1961 695 2028 epistola
715 1960 782 2012 ad
799 1963 954 2013 Rom.
975 1976 1089 2027 cap.
1119 1962 1202 2015 13.
1225 1976 1274 2013 v.
1294 1963 1347 2013 8.
1365 2000 1379 2021 ,
1404 1962 1567 2027 legem
1587 1960 1866 2028 implevit),
1891 1960 2011 2014 binc
2030 1964 2203 2029 sequi-
2244 2018 2251 2029 ¹

319 2045 433 2099 tur,
454 2039 508 2089 in
529 2038 790 2103 Scriptura
811 2037 1006 2091 nullam
1028 2040 1179 2090 aliam
1199 2039 1466 2089 scientiam
1488 2038 1863 2099 commendari,
1898 2052 2053 2104 quam
2071 2053 2203 2104 quae

321 2114 564 2167 omnibus
581 2114 880 2167 hominibus
900 2116 1189 2167 necessaria
1208 2122 1307 2177 est,
1329 2122 1389 2167 ut
1402 2117 1513 2167 Deo
1530 2114 1818 2166 secundum
1839 2113 1935 2167 hoc
1954 2118 2204 2181 praescri-

320 2199 466 2259 ptum
486 2191 694 2244 obedire
715 2194 944 2259 possint,
975 2200 1024 2245 et
1044 2208 1146 2259 qua
1167 2194 1393 2258 ignorata
1408 2231 1424 2255 ‚
1449 2191 1684 2244 homines
1702 2193 1994 2243 necessario
2014 2192 2205 2245 debent

319 2284 436 2321 esse
457 2275 787 2321 contumaces
802 2309 816 2331 ,
855 2268 934 2321 vel
953 2270 1136 2321 saltem
1157 2272 1272 2322 sine
1293 2269 1561 2336 disciplina
1583 2268 1935 2329 obedientiae;
1976 2269 2201 2335 reliquas

320 2353 493 2398 autem
513 2345 917 2412 speculationeS,
957 2360 1092 2412 quae
1113 2347 1214 2399 huc
1231 2348 1421 2401 directe
1440 2362 1544 2398 non
1565 2344 1811 2408 tendunt,
1836 2347 1943 2397 sive
1964 2361 2051 2401 eae
2070 2349 2202 2399 circa

319 2425 434 2487 Dei,
473 2425 580 2475 sive
599 2424 730 2476 circa
751 2438 923 2476 rerum
944 2424 1257 2490 naturalium
1279 2425 1621 2491 cognitionem
1641 2432 1927 2485 versentur,
1962 2425 2203 2491 Scriptu-

319 2515 430 2553 ram
449 2514 554 2552 non
573 2506 804 2567 tangere,
847 2511 1002 2566 atque
1030 2502 1158 2553 adeo
1177 2516 1206 2553 a
1223 2502 1473 2568 religione
1494 2501 1713 2553 revelata
1730 2515 1845 2553 esse
1866 2502 2199 2567 separandas.

323 2579 374 2629 9.
412 2576 484 2630 At
502 2580 598 2633 etsi
619 2578 744 2629 haec
761 2579 1148 2645 unusquisque,
1173 2581 1248 2631 uti
1268 2579 1507 2641 diximus,
1532 2580 1633 2631 iam
1655 2578 1799 2631 facilc
1819 2579 1990 2631 videre
2010 2586 2199 2645 potest,

322 2662 522 2716 tamen,
561 2656 685 2721 quia
712 2656 830 2707 hinc
856 2656 1018 2707 totius
1046 2656 1311 2723 religionis
1341 2656 1534 2709 decisio
1552 2656 1769 2723 pendet,
1810 2670 1916 2707 rem
1937 2663 2203 2707 totumne-

319 2734 547 2784 curatius
575 2731 847 2785 ostendere
877 2738 928 2783 et
955 2731 1142 2785 clarius
1171 2734 1417 2801 explicare
1435 2734 1567 2785 volo.
1640 2732 1725 2786 Ad
1744 2732 1883 2799 quod
1903 2733 2197 2797 requiritur,

317 2817 376 2860 ut
411 2816 530 2861 ante
565 2810 740 2862 omnia
777 2810 1144 2873 ostendamus,
1200 2810 1597 2863 intellectualem
1634 2810 1741 2863 sive
1776 2814 2062 2859 accuratam
2102 2810 2201 2861 Dei

319 2887 662 2951 cognitionem
680 2901 783 2939 nou
813 2900 930 2939 esse
957 2887 1154 2940 donum
1183 2886 1429 2941 omnibus
1447 2885 1687 2939 fidelibus
1706 2898 2006 2947 commune,
2047 2887 2202 2940 sicuti

318 2962 692 3027 obedientiamg
727 2964 914 3016 deinde
934 2966 1277 3031 cognitionem
1296 2966 1453 3030 illam,
1477 2978 1633 3031 quam
1649 2964 1793 3015 Deus
1813 2975 1907 3027 per
1924 2963 2201 3029 prophetas

421 3134 462 3187 ·)
494 3132 597 3179 vid.
617 3145 720 3191 cap.
741 3136 782 3177 9.
803 3136 846 3188 ς.
865 3134 936 3180 86.
