2548 3485
350 131 388 192 ,1
398 133 479 192 80
747 134 1138 183 uaeramus
1174 133 1830 180 TflEoLoelco-Pom'r.

356 329 450 366 cur
466 312 637 367 Biblia
656 313 673 365 i
680 329 711 366 n
730 312 893 366 libros
910 313 1097 366 veteris
1116 319 1167 366 et
1187 312 1305 364 novi
1322 311 1614 365 testamenti
1637 309 1957 363 dividantur:
1996 305 2231 361 videlicet
2345 347 2352 356 .

354 393 478 458 quia
504 398 623 444 ante
650 391 923 444 adventum
942 390 1131 443 Christi
1158 390 1436 458 prophetae
1464 389 1759 456 religionem
1781 381 2077 456 praedicare
2095 385 2233 437 soie-

352 467 483 520 bant
510 477 755 535 tanquam
781 468 945 534 legem
972 469 1165 536 patriae
1202 476 1252 521 et
1279 483 1338 521 ex
1365 471 1412 521 vi
1450 470 1585 536 pacti
1621 474 1850 534 tempore
1879 465 2046 519 Mosis
2085 464 2229 524 initi;

354 552 475 612 post
501 547 775 616 adventum
806 553 980 598 autem
1012 545 1202 598 Christi
1229 545 1448 599 eandem
1475 553 1717 612 tanquam
1745 542 1911 608 legem
1932 541 2230 594 catholicam

356 630 409 675 et
426 637 485 675 ex
504 624 610 676 soia
628 625 675 676 vi
696 624 958 691 passionis
975 622 1164 675 Christi
1182 623 1430 675 omnibus
1450 621 1872 690 praedicaverunt
1889 619 2139 688 apostoli:
2178 625 2233 670 at

355 715 458 752 non
494 700 635 766 quod
677 701 905 753 doctrina
942 700 1129 753 diversi
1168 702 1302 763 sint,
1352 716 1447 753 nec
1485 699 1622 767 quod
1661 705 1905 764 tanquam
1945 695 2234 764 syngrapha

354 777 581 830 foederis
602 779 778 845 scripti
798 777 988 831 tuerint
1001 817 1015 840 ,
1055 791 1151 831 nec
1168 777 1395 844 denique
1416 778 1554 844 quod
1575 775 1751 843 religio
1781 774 2030 828 cathoiica
2043 813 2057 837 ,
2098 787 2232 840 quae

354 855 575 906 maxime
602 856 847 908 naturalis
873 863 981 920 est,
1022 869 1155 906 nova
1182 862 1350 920 esset,
1389 855 1492 907 nisi
1530 858 1767 920 respectu
1806 851 2103 918 hominum,
2144 851 2233 917 qui

356 945 470 984 eam⁴
490 945 593 984 non
612 939 878 985 noverant.
910 934 971 984 In
988 931 1183 985 mundo
1206 938 1342 997 erat,
1364 933 1432 984 ait
1450 931 1706 984 Iohannes
1725 929 2032 996 evangelista
2050 922 2164 994 cap.
2183 929 2229 979 1.

356 1022 487 1060 vers.
512 1011 626 1073 10„
666 1015 721 1061 et
744 1009 969 1062 mundus
995 1025 1101 1062 non
1126 1012 1278 1061 novit
1293 1025 1431 1062 omn.
1503 1011 1590 1066 25.
1633 1008 1883 1071 Quamvis
1902 1007 2075 1073 itaque
2093 1019 2232 1073 pau-

356 1087 524 1137 ciores
544 1085 702 1138 iibros
722 1088 932 1149 veteris,
964 1101 1119 1153 quam
1142 1088 1257 1139 novi
1279 1087 1569 1140 testamenti
1587 1083 1914 1146 haberemus,
1937 1089 2234 1134 nontamen

356 1164 451 1214 Dei
472 1161 625 1216 verbo
646 1163 767 1231 (per
786 1164 923 1230 quod
942 1164 1170 1231 proprie,
1194 1165 1372 1216 utiam
1394 1163 1639 1226 diximus,
1663 1175 1779 1214 vera
1799 1161 1976 1227 religio
1997 1158 2236 1225 inteiligi-

264 1245 269 1252 ‘
358 1242 469 1308 tur)
490 1241 887 1292 destituerentur
901 1279 915 1304 ,
955 1241 1109 1292 sicuti
1127 1256 1230 1293 non
1251 1249 1496 1307 putamus
1514 1255 1612 1292 nos
1633 1239 1814 1290 eodem
1835 1238 1938 1289 iam
1959 1236 2234 1289 destitutos

360 1331 507 1380 esse,
544 1318 642 1369 etsi
662 1317 843 1369 muitis
862 1317 976 1369 aiiis
998 1319 1460 1384 praestantissimis
1487 1317 1693 1384 seriptis
1713 1329 1977 1376 caremus,
2017 1321 2078 1366 ut
2103 1313 2236 1366 libro

354 1394 511 1460 legis,
554 1395 644 1461 qui
670 1402 915 1460 tanquam
944 1394 1165 1446 foederis
1197 1396 1545 1463 syngraphum
1575 1393 1811 1461 religiose
1836 1393 1890 1444 in
1918 1390 2110 1458 templo
2141 1404 2235 1442 eu·-

357 1471 705 1535 stodiebatur,
748 1479 800 1523 et
818 1478 1073 1540 praeterea
1094 1471 1240 1524 libris
1259 1470 1512 1524 beliorum
1529 1512 1544 1536 ,
1583 1469 2029 1535 chronoiogiarum
2049 1476 2100 1520 et
2118 1467 2234 1519 aliis

358 1547 629 1616 piurimis,
669 1563 728 1601 ex
752 1547 947 1615 quibus
975 1548 1052 1611 hi,
1095 1563 1228 1614 quos
1267 1550 1452 1601 veteris
1488 1547 1780 1601 testamenti
1816 1543 2096 1610 hahemus,
2137 1544 2235 1596 de-

360 1627 518 1692 cerpti
537 1633 589 1677 et
608 1626 801 1677 coiiecti
824 1631 965 1676 sunt.
1047 1626 1135 1680 26.
1173 1627 1346 1691 Atque
1364 1626 1459 1677 hoc
1477 1624 1655 1677 multis
1677 1629 1934 1691 praeterea
1953 1621 2237 1674 rationibus

358 1702 707 1755 confirmatur.
781 1703 978 1769 Nempe
997 1703 1039 1753 1.
1068 1703 1188 1769 quia
1215 1702 1333 1755 iibri
1362 1704 1637 1771 utriusque
1662 1701 1956 1755 testamenti
1985 1715 2088 1753 non
2121 1700 2238 1752 ine·-

361 1788 483 1831 runt
498 1792 741 1845 expresso
761 1779 1021 1841 mandato,
1044 1794 1149 1831 nno
1170 1780 1458 1847 eodemque
1475 1788 1726 1849 tempore,
1747 1777 1993 1832 omnibus
2013 1777 2236 1831 saeeuiis

360 1857 565 1921 scripti,
605 1856 696 1907 sed
724 1870 875 1918 casu,
918 1856 1233 1922 quibusdam
1251 1858 1579 1919 hominibus,
1619 1859 1775 1925 idque
1795 1863 1945 1923 prout
1963 1863 2171 1923 tempus
2189 1861 2240 1906 et

361 1947 539 1984 eorum
570 1932 845 1998 singularis
880 1935 1177 1987 constitutio
1196 1931 1457 2001 exigebat,
1497 1942 1556 1986 ut
1573 1941 1744 2002 aperte
1761 1934 1992 1986 indicant
2011 1932 2238 1999 prophe-

360 2018 528 2062 tarum
560 2010 854 2062 vocationes
894 2011 1019 2077 (qui
1046 2018 1105 2063 ut
1132 2012 1324 2079 impios
1353 2012 1437 2063 sui
1467 2012 1712 2077 temporis
1743 2018 2034 2070 monerent,
2074 2010 2236 2061 vocati

359 2092 545 2151 sunt),
586 2094 639 2139 et
664 2088 819 2139 etiam
848 2088 1197 2155 apostolorum
1224 2089 1495 2157 epistolae.
1569 2088 1655 2140 27.
1693 2090 1763 2139 11.
1803 2089 1939 2152 Quia
1975 2086 2116 2138 aliud
2155 2094 2238 2138 est

360 2165 674 2231 scripturam
704 2171 755 2216 et
782 2172 1007 2217 mentem
1036 2167 1428 2232 prophetarum,
1467 2164 1608 2217 aliud
1645 2172 1817 2217 autem
1854 2169 2080 2217 mentem
2115 2164 2231 2226 Dei,

358 2240 457 2293 hoc
476 2249 582 2303 est,
622 2242 789 2309 ipsam
812 2243 881 2294 rei
903 2245 1162 2295 veritatem
1184 2242 1488 2309 intelligere,
1527 2249 1587 2293 ut
1606 2255 1664 2293 ex
1685 2257 1765 2305 eo,
1806 2241 1946 2308 quod
1969 2243 2022 2293 in
2045 2254 2159 2307 cap.
2180 2240 2235 2296 2.

362 2318 426 2369 de
453 2318 715 2384 prophetis
738 2318 1065 2371 ostendimus
1085 2319 1139 2388 ι)
1156 2358 1168 2381 ,
1206 2321 1467 2386 sequitur:
1508 2319 1647 2384 quod
1675 2322 1828 2371 etiam
1856 2320 1908 2371 in
1939 2318 2168 2371 historiis
2188 2323 2241 2369 et

360 2395 625 2446 miraculis
645 2394 1021 2449 iocum-habere
1040 2396 1365 2449 ostendimus
1384 2410 1498 2462 cap.
1521 2398 1634 2461 6.²)
1706 2396 1865 2460 Atqui
1886 2396 1982 2447 hoc
2001 2395 2066 2447 de
2085 2395 2235 2458 iocis,

359 2474 415 2524 in
430 2472 623 2537 quibus
636 2472 701 2523 de
715 2486 830 2526 vera
850 2472 1093 2540 reiigione
1110 2483 1159 2525 et
1172 2488 1288 2525 vera
1303 2476 1489 2525 virtute
1502 2474 1685 2539 agitur,
1703 2472 1915 2523 minime
1929 2471 2032 2523 dici
2047 2478 2234 2539 potest.

359 2550 447 2605 28.
486 2550 583 2599 111.
624 2549 759 2611 Quia
780 2549 893 2602 iibri
914 2552 1096 2603 veteris
1116 2551 1405 2602 tetamenti
1423 2564 1484 2601 ex
1501 2550 1677 2601 muitis
1696 2549 1841 2600 eiecti
1863 2548 2100 2612 fuerunt,
2141 2556 2238 2602 eta

362 2628 579 2679 conciiio
609 2626 817 2678 tandem
846 2627 1235 2681 Pharisaeorum
1266 2628 1465 2680 coiiecti
1495 2634 1546 2677 et
1571 2625 1805 2693 probati,
1841 2634 1903 2679 ut
1929 2628 1982 2678 in
2013 2640 2127 2695 cap.
2153 2626 2236 2678 10.

363 2704 689 2756 ostendimus
703 2702 782 2772 ⁸).
855 2703 999 2755 Libri
1018 2712 1187 2757 autem
1210 2707 1326 2756 novi
1345 2704 1635 2756 testamenti
1657 2703 1879 2755 decretis
1897 2705 2050 2757 etiam
2071 2704 2240 2755 conci-

262 2836 267 2841 ,
361 2781 549 2834 liorum
578 2781 904 2848 quorundam
932 2782 987 2833 in
1014 2796 1261 2835 canonem
1290 2782 1514 2835 assumti
1539 2786 1692 2843 sunt,
1731 2794 1956 2847 quorum
1973 2782 2128 2833 etiam
2145 2779 2240 2833 de-

467 2985 509 3034 ι)
543 2982 645 3026 Vid.
667 2994 768 3039 cap.
789 2987 829 3028 2.
850 2986 893 3037 ς.
912 2985 953 3028 4.
975 2996 1078 3043 sqq.

466 3042 511 3092 2)
547 3041 649 3085 vid.
671 3052 773 3097 cap.
793 3044 833 3085 Β.
854 3046 896 3096 ς.
917 3044 956 3084 1.
979 3057 1082 3100 sqq.

468 3100 511 3152 8)
546 3099 646 3144 Vid.
668 3111 770 3155 cap.
794 3104 853 3143 ιο.
878 3104 918 3153 ς.
939 3105 1005 3146 43.
1028 3115 1131 3161 sqq.
