2548 3485
364 158 447 219 32
766 162 1156 211 TitacTA'rUs
1191 162 1591 211 Tnssonoelco
1603 194 1626 204 -
1638 122 1847 211 PoLi‘r.

362 341 480 394 ideo
509 341 776 409 prophetia
805 342 1068 411 prophetis
1096 359 1200 395 non
1229 343 1321 394 diu
1350 341 1615 403 haerebat,
1658 356 1750 394 nec
1788 343 1941 393 etiam
1980 342 2242 409 frequens,

362 419 456 470 sed
485 420 766 472 admodum
796 435 903 473 rara
936 427 1070 486 erat,
1113 422 1167 473 in
1183 421 1515 488 paucissimis
1538 421 1729 472 scilicet
1748 419 2073 482 hominihuS,
2114 425 2165 471 et
2188 421 2247 471 ‘in

363 498 430 547 iis
449 498 602 549 etiam
621 497 901 549 admodum
923 511 1058 549 raro.
1129 501 1217 550 48.
1257 499 1435 561 Quum
1456 497 1552 549 hoc
1573 499 1641 548 ita
1663 498 1759 560 sit,
1782 498 2017 563 cogimur
2035 497 2135 547 iam
2156 498 2247 547 in-

365 576 570 640 quirere
583 614 597 636 ‚
620 575 758 627 unde
777 574 1044 641 prophetis
1065 576 1184 626 oriri
1206 574 1373 641 potuit
1392 573 1641 625 certitudo
1660 588 1838 625 eorum
1852 613 1867 637 ,
1892 588 2025 640 quae
2044 581 2246 625 tantum

363 666 458 718 per
472 653 914 719 imaginationem,
939 660 990 702 et
1009 666 1112 702 non
1133 666 1191 702 ex
1211 653 1365 703 certis
1385 653 1572 702 mentis
1592 652 1859 718 principiis
1878 650 2247 718 percipiebant.

364 729 559 780 Verum
589 728 835 795 quicquid
865 735 917 779 et
941 730 1072 779 circa
1103 728 1201 779 hoc
1231 728 1331 779 dici
1351 734 1546 795 potest,
1590 744 1649 779 ex
1668 729 1931 795 Scriptura
1948 730 2051 795 peti
2074 726 2246 788 dehet,

365 806 789 871 qnandoquidem
822 805 980 857 huius
1007 807 1080 856 rei
1111 806 1197 871 (ut
1223 807 1328 857 iam
1359 806 1611 873 diximus)
1642 818 1809 857 veram
1836 798 2106 858 scientiam
2144 816 2249 857 non

365 882 636 943 habemus,
653 884 760 935 sive
776 896 890 935 eam
909 897 1000 949 per
1014 884 1208 951 primas
1221 896 1349 933 suas
1363 894 1546 934 causas
1562 882 1809 948 explicare
1824 897 1928 934 non
1941 896 2248 949 possumuS.

366 959 504 1021 Quid
535 966 706 1011 antem
734 961 993 1026 Scriptura
1021 960 1095 1010 de
1121 959 1519 1011 certitudine
1556 959 2011 1026 prophetarum
2050 958 2247 1019 doceat,

365 1036 420 1085 in
442 1044 690 1101 sequente
711 1038 875 1103 capite
893 1036 1182 1099 ostendam,
1215 1035 1309 1088 nbi
1338 1036 1411 1088 de
1437 1050 1594 1103 prop
1608 1037 1773 1091 betis
1798 1051 1946 1104 agere
1966 1036 2229 1090 constitui.

892 1208 1068 1271 CAP.
1106 1208 1179 1271 ΙΙ.
1267 1210 1367 1270 De
1403 1208 1729 1291 prophetis.

469 1344 545 1395 Ex
573 1346 840 1412 superiore
871 1347 1064 1413 capite,
1106 1352 1165 1396 ut
1192 1346 1295 1397 iam
1314 1345 1683 1409 indicavimus,
1724 1346 1961 1412 seqnitur
1979 1345 2254 1412 prophetas

369 1436 474 1473 non
507 1422 670 1474 fnisse
700 1422 988 1489 perfectiori
1020 1429 1190 1475 mente
1219 1423 1501 1489 praeditos,
1538 1422 1631 1473 sed
1650 1422 1863 1487 quidem
1885 1424 2109 1488 potentia
2128 1422 2259 1474 vivi-

369 1499 488 1550 dius
510 1499 859 1566 imaginandi,
900 1499 1040 1566 quod
1067 1500 1361 1567 scripturae
1390 1500 1707 1550 narrationes
1734 1498 1943 1551 abunde
1972 1500 2125 1551 etiam
2154 1499 2257 1550 do-

369 1582 505 1629 cent.
576 1579 652 1628 De
673 1577 947 1629 Salomone
963 1578 1104 1627 enim
1123 1583 1346 1638 constat,
1368 1590 1488 1628 eum
1508 1576 1721 1643 quidem
1742 1577 2013 1641 sapientia,
2038 1577 2131 1628 sed
2151 1590 2255 1627 non

369 1652 506 1703 dono
550 1653 850 1719 prophetico
897 1660 1092 1705 ceteros
1137 1654 1457 1706 excelluisse.
1529 1652 1929 1705 Prudentissimi
1976 1654 2130 1705 etiam
2178 1653 2253 1705 illi

369 1730 591 1792 Reman,
631 1730 822 1793 Darda,
859 1730 1094 1795 Kalchol,
1134 1730 1413 1798 prophetae
1432 1745 1537 1782 non
1560 1730 1785 1793 fuerunt,
1820 1736 1871 1783 et
1886 1737 2064 1783 contra
2084 1730 2255 1783 homi—

371 1822 466 1858 nes
495 1808 701 1870 rustici,
743 1815 794 1859 et
819 1815 952 1860 extra
981 1822 1188 1860 omnem
1207 1809 1566 1875 disciplinam,
1607 1811 1709 1861 imo
1730 1807 2059 1861 mulierculae
2077 1809 2251 1871 etiam,

369 1890 429 1936 nt
456 1885 654 1949 Hagar,
694 1886 874 1956 ancilla
894 1884 1204 1950 Abrahami,
1246 1887 1382 1938 dono
1410 1885 1708 1954 prophetico
1737 1886 1947 1939 luerunt
1974 1885 2254 1952 praeditae.

371 1960 525 2022 Quod
557 1961 707 2012 etiam
737 1975 856 2012 cum
887 1963 1194 2028 experientia
1219 1972 1272 2015 et
1296 1963 1493 2016 ratione
1520 1965 1773 2017 convenit.
1845 1965 1975 2016 Nam
2005 1965 2095 2029 qui
2135 1976 2255 2014 ma·-

370 2039 506 2089 xime
533 2038 898 2104 imaginatione
924 2040 1142 2106 pollent,
1174 2041 1351 2092 minus
1384 2041 1493 2108 apti
1521 2040 1737 2092 sunt'ad
1774 2052 1856 2091 res
1893 2054 2021 2107 pure
2055 2039 2255 2091 intelli-

371 2116 624 2181 gendum,
666 2122 717 2168 et
743 2123 916 2168 contra
933 2157 946 2180 ,
988 2119 1078 2183 qui
1106 2117 1370 2170 intellectu
1398 2119 1565 2183 magis
1582 2116 1777 2184 pollent
1794 2131 2019 2183 eumque
2040 2117 2259 2168 maxime

371 2193 578 2255 colunt,
619 2194 900 2260 potentiam
927 2195 1240 2262 imaginandi
1278 2197 1445 2262 magis
1478 2201 1813 2261 temperatam
1851 2196 2118 2261 magisque
2154 2193 2259 2245 sub

371 2277 680 2337 potestatem
701 2269 918 2334 habent,
956 2278 1008 2322 et
1027 2273 1177 2339 qnasi
1199 2271 1343 2323 freno
1364 2279 1565 2334 tenent,
1607 2287 1673 2323 ne
1691 2287 1809 2323 cum
1842 2270 2101 2324 intellectu
2130 2285 2261 2322 con-

373 2339 646 2399 fundatur.
711 2351 764 2402 2.
803 2349 907 2412 Qui
927 2349 1084 2415 igitar
1100 2350 1409 2416 sapientiam
1428 2355 1479 2400 et
1505 2363 1679 2400 rerum
1700 2348 2009 2402 naturalium
2030 2355 2081 2400 et
2099 2349 2260 2415 spiri-—

372 2426 587 2476 tualium
625 2427 968 2490 cognitionem
1006 2441 1064 2477 ex
1099 2426 1465 2493 prophetarum
1490 2426 1647 2478 libris
1682 2427 1987 2493 investigare
2022 2425 2256 2488 student,

373 2509 478 2554 tota
510 2509 680 2556 errant
706 2504 812 2554 via:
852 2502 1022 2568 quod,
1061 2505 1308 2568 qnoniam
1342 2511 1575 2570 tempuS,
1618 2503 1942 2570 philosophia
1963 2510 2015 2555 et
2034 2503 2260 2567 denique

373 2595 458 2631 res
475 2581 588 2646 ipsa
607 2578 859 2646 postulat,
897 2579 979 2630 hic
998 2580 1114 2632 fuse
1134 2579 1409 2632 ostendere
1429 2581 1653 2642 decrevi,
1678 2595 1861 2646 parum
1882 2594 2090 2638 curans,
2129 2579 2258 2645 quid

373 2659 674 2724 superstitio
705 2659 1004 2723 ogganniat,
1044 2673 1178 2723 qnae
1207 2657 1383 2711 nullos
1412 2660 1577 2726 magis
1606 2658 1742 2720 odit,
1781 2671 1937 2723 quam
1970 2659 2057 2724 qui
2088 2671 2262 2709 veram

374 2735 642 2787 scientiam
662 2749 934 2800 veramque
956 2738 1109 2787 vitam
1131 2734 1326 2787 colunt.
1397 2735 1465 2786 Et
1484 2735 1611 2803 proh
1632 2732 1802 2786 dolor!
1833 2749 1917 2786 res
1937 2750 1999 2786 eo
2018 2736 2119 2784 iam
2139 2748 2263 2800 per-

375 2813 535 2876 venit,
577 2819 661 2874 ut,
701 2812 790 2877 qni
815 2822 988 2877 aperte
1016 2812 1268 2876 fatentur,
1308 2825 1365 2863 se
1382 2813 1479 2866 Dei
1498 2813 1667 2866 ideam
1688 2826 1791 2864 non
1812 2811 1998 2864 hahere
2018 2818 2069 2863 et
2086 2813 2256 2862 Deum

376 2903 478 2939 non
507 2890 606 2940 nisi
635 2904 729 2956 per
755 2903 837 2939 res
863 2896 1058 2942 creatas
1095 2890 1355 2957 (quarum
1392 2903 1577 2941 causas
1614 2889 1891 2960 ignorant)
1929 2902 2255 2956 cognoscere,

376 2978 481 3013 non
503 2965 810 3016 erubescant
831 2965 1168 3034 philosophos
1189 2968 1425 3018 atheismi
1448 2981 1709 3019 accusare.

479 3040 530 3090 3.
586 3042 653 3090 Ut
687 3050 858 3092 autem
899 3058 1004 3094 rem
1040 3044 1218 3095 ordine
1257 3043 1539 3106 deducam,
1596 3045 1893 3105 ostendam,
1943 3043 2259 3110 prophetias

377 3117 692 3180 certavisse,
723 3131 826 3170 non
847 3127 1044 3171 tantum
1067 3132 1159 3188 pro
1180 3123 1374 3174 ratione
1394 3123 1775 3190 imaginationis
1796 3130 1845 3178 et
1866 3121 2260 3189 temperamenti
