2548 3485
1184 4 1314 21 U
1335 4 1348 15 Ἰ

339 142 457 207 198
725 148 1114 197 'rnac'ra‘rns
1153 149 1808 198 THEoLoelco-Pom‘r.

330 334 500 382 utram
519 342 802 395 sequamur
823 330 1150 393 sententiam,
1170 328 1246 384 vel
1269 330 1515 381 rationem
1536 333 1616 381 vel
1635 328 1953 396 scripturam
1973 342 2211 383 corrum-

330 420 452 473 pere
481 421 693 459 necesse
725 414 822 459 est.
896 407 1235 460 Ostendimus
1261 407 1401 458 enim
1419 444 1432 471 ,
1474 408 1792 473 scripturam
1813 422 1919 459 non
1939 421 2023 459 res
2040 406 2213 474 philo-

330 485 598 551 sophicas,
637 484 734 537 sed
761 484 928 537 solam
954 485 1196 552 pietatem
1224 484 1435 547 docere,
1474 492 1525 535 et
1554 484 1751 546 omnia,
1793 499 1926 551 quae
1954 485 2006 538 in
2028 484 2208 537 eadem

329 563 685 624 continentur,
724 561 789 613 ad
819 567 1025 627 captum
1053 568 1103 613 et
1129 568 1529 629 praeconceptas
1557 561 1829 627 opiniones
1870 560 2008 628 vulgi
2047 562 2211 614 fuisse

328 640 732 692 accommodata.
805 638 858 691 3.
897 639 1001 703 Qui
1025 636 1184 704 igitur
1209 640 1379 705 ipsam
1405 640 1470 690 ad
1504 636 1886 705 philosophiam
1913 653 2208 693 accommo-

329 716 450 769 dare
467 715 600 779 vult,
637 718 686 769 is
705 730 830 769 sane
851 714 1113 782 prophetis
1132 716 1323 777 multa,
1360 730 1495 781 quae
1514 728 1581 765 ne
1604 729 1695 781 per
1712 716 1977 768 somnium
2010 717 2206 782 cogita-

327 801 473 857 runt,
514 793 718 860 affinget
747 801 796 845 et
832 806 1098 860 perperam
1129 808 1308 845 eorum
1338 799 1564 845 mentem
1592 790 2031 859 interpretabitur.
2104 793 2211 857 Qui

327 878 502 922 autem
530 879 704 923 contra
735 872 984 922 rationem
1013 878 1063 921 et
1090 869 1469 937 philosophiam
1496 868 1785 935 theologiae
1811 870 2049 922 ancillam
2069 869 2210 931 facit,

326 951 375 998 is
404 948 602 1013 antiqui
622 946 758 1014 vulgi
782 947 1091 1014 praeiudicia
1111 953 1375 1014 nmquam
1397 960 1479 998 res
1501 944 1703 997 divinas
1723 952 1925 998 tenetur
1944 946 2213 999 admittere

328 1030 380 1075 et
405 1022 593 1077 iisdem
628 1034 853 1078 mentem
883 1039 1134 1092 occupare
1161 1032 1210 1077 et
1237 1024 1545 1085 obcaecare;
1586 1022 1819 1089 adeoque
1846 1030 2090 1089 uterque,
2131 1023 2215 1077 hic

327 1100 524 1156 seilicet
551 1103 917 1164 sinet-atione,
955 1100 1042 1153 ille
1069 1116 1187 1155 vero
1214 1116 1334 1153 cum
1362 1102 1557 1153 ratione
1578 1102 1818 1153 insaniet.
1889 1104 1944 1155 4.
1982 1103 2209 1163 Primus,

327 1179 417 1243 qui
447 1179 583 1231 inter
599 1179 905 1232 Pharisaeos
924 1186 1098 1246 aperte
1117 1180 1298 1231 statuit
1316 1180 1634 1245 scripturam
1662 1178 1849 1232 rationi
1870 1192 1986 1230 esse
2006 1192 2213 1231 accom-

325 1253 638 1310 modandam
653 1295 670 1318 ‚
707 1256 806 1308 fuit
823 1257 1166 1309 Haimonides
1197 1254 1379 1323 (cuius
1398 1254 1609 1322 quidem
1628 1255 1938 1307 sententiam
1960 1270 2071 1323 cap.
2094 1256 2209 1307 vn.

326 1334 684 1385 recensuimus
703 1334 756 1401 ¹)
787 1334 1067 1399 multisque
1095 1333 1414 1401 argumentis
1443 1333 1849 1400 refutavimus),
1888 1339 1941 1384 et
1976 1334 2211 1399 quamvis

323 1409 408 1461 hic
427 1416 605 1463 auctor
623 1424 837 1476 magnae
857 1411 991 1463 inter
1007 1424 1098 1462 eos
1117 1409 1272 1463 fuerit
1286 1410 1641 1473 auctoritatis,
1684 1424 1866 1462 eorum
1896 1415 2067 1461 tamen
2097 1424 2215 1461 ma-

324 1489 461 1542 xima
478 1502 602 1555 pars
621 1486 717 1539 hac
736 1489 788 1539 in
808 1503 862 1541 re
881 1487 945 1540 ab
966 1502 1027 1540 eo
1046 1486 1237 1540 recedit
1256 1494 1308 1539 et
1328 1486 1555 1554 pedibus
1573 1488 1614 1540 it
1632 1488 1685 1537 in
1708 1488 2017 1538 sententiam
2040 1487 2216 1539 cuius-

322 1565 447 1630 ,dam
473 1566 538 1618 Β.
570 1564 805 1618 lehudae
831 1563 1098 1632 Alpakhar
1116 1602 1130 1627 ‚
1171 1565 1259 1630 qui
1299 1578 1523 1617 errorem
1552 1562 1890 1618 Maimouidis
1926 1564 2087 1615 vitare
2115 1578 2215 1615 cu·-

326 1643 478 1709 pieus
507 1643 560 1693 in
591 1640 807 1694 alterum
837 1642 883 1694 ei
917 1642 1231 1693 contrarium
1259 1642 1458 1694 incidit.
1536 1643 1585 1693 5.
1624 1640 1815 1693 Statuit
1834 1640 2032 1692 scilicet
2051 1642 2216 1693 ratio-

329 1733 448 1772 nem
469 1719 762 1786 scripturae
792 1716 1022 1771 ancillari
1051 1717 1264 1782 debere,
1308 1718 1461 1784 eique
1485 1732 1705 1785 prorsus
1735 1714 1973 1770 submitti
1988 1716 2075 1785 ²);
2118 1732 2215 1771 nec

325 1795 520 1861 aliquid
551 1796 603 1847 in
639 1796 900 1864 Scriptura
939 1803 1210 1863 propterea
1243 1795 1593 1862 metaphorice
1632 1793 1988 1862 explicandum
2026 1797 2211 1859 sensit,

328 1871 468 1938 quod
501 1873 712 1926 literalis
745 1887 934 1925 sensus
965 1875 1178 1936 rationi,
1219 1875 1312 1925 sed
1343 1879 1571 1934 tantun,
1621 1874 1743 1939 quia
1767 1873 1868 1939 ipsi
1896 1872 2214 1939 Scripturae,

324 1949 422 2002 hoc
441 1956 538 2011 est,
560 1949 714 2001 claris
732 1950 844 2003 eius
867 1950 1199 2016 dogmatibus
1218 1959 1490 2019 repugnat.
1528 1949 1702 2016 Atque
1721 1949 1840 2001 hinc
1860 1949 1989 2000 hanc
2009 1951 2217 2002 univer-

324 2027 487 2078 salem
524 2027 754 2094 regulam
790 2027 1013 2080 formata
1051 2027 1319 2090 videlicet,
1355 2027 1607 2094 quicquid
1636 2027 1897 2094 Scriptura
1926 2025 2215 2091 dogmatice

325 2102 476 2156 docet
501 2111 552 2156 et
579 2106 838 2171 expressis
865 2105 1035 2158 verbis
1053 2105 1299 2168 affirmat,
1340 2103 1395 2156 id
1424 2120 1483 2158 ex
1498 2104 1608 2157 sola
1627 2106 1739 2156 eius
1758 2103 2059 2156 auctoritate
2078 2109 2216 2154 tam-

325 2195 482 2246 quam
510 2197 689 2236 verum
717 2181 954 2234 absolute
984 2182 1363 2235 admittendum
1382 2222 1395 2244 ,
1447 2195 1542 2233 nec
1568 2181 1733 2233 ullum
1761 2180 1901 2233 aliud
1937 2179 2122 2248 dogma
2158 2180 2214 2230 in

321 2258 504 2311 Bibliis
525 2261 808 2327 reperietur
822 2299 837 2323 ,
870 2257 1011 2326 quod
1032 2262 1076 2313 ei
1099 2258 1293 2313 directe
1315 2265 1591 2325 repugnet,
1640 2257 1735 2311 sed
1754 2264 1951 2310 tantum
1973 2271 2064 2324 per
2084 2272 2215 2309 con-

323 2338 650 2401 sequentiam
668 2377 683 2399 ,
723 2339 841 2404 quia
869 2336 1065 2389 scilicet
1093 2338 1231 2389 modi
1259 2337 1507 2403 loquendi
1530 2336 1823 2402 scripturae
1856 2349 2011 2402 saepe
2028 2334 2215 2388 viden-

323 2419 409 2464 tur
437 2426 732 2480 supponere
759 2413 958 2481 aliquid
994 2415 1308 2466 eontrarium
1345 2414 1421 2474 ei,
1462 2412 1602 2479 quod
1638 2426 1876 2480 expresse
1914 2411 2119 2473 docuit;
2160 2418 2212 2464 et

321 2496 591 2556 propterea
612 2497 811 2542 tantum
833 2491 1012 2542 eadem
1032 2490 1142 2542 loca
1165 2491 1509 2557 metaphorice
1534 2491 1851 2557 explicanda.
1924 2493 1976 2542 6.
2014 2489 2110 2540 Ex.
2132 2503 2211 2555 gr.

323 2567 590 2635 Scriptura
626 2567 762 2618 clare
798 2567 974 2630 docet,
1012 2569 1181 2620 Deum
1228 2581 1346 2619 esse
1387 2569 1599 2620 unicum
1636 2565 1780 2634 (vide
1814 2567 1970 2618 Dent.
2011 2580 2128 2633 cap.
2161 2566 2212 2616 6.

320 2659 454 2697 vers.
475 2645 584 2710 4.),
623 2658 718 2696 nec
743 2643 894 2696 ullibi
933 2644 1066 2696 alius
1095 2645 1240 2697 locus
1265 2646 1517 2710 reperitur
1554 2643 1744 2697 directe
1776 2642 2061 2705 affirmans,
2103 2641 2214 2693 dari

321 2722 500 2789 plures
518 2720 676 2782 deos3
749 2729 804 2773 at
847 2721 1058 2787 quidem
1081 2723 1254 2787 plura,
1293 2721 1383 2774 ubi
1402 2723 1548 2774 Deus
1574 2721 1639 2772 de
1658 2734 1744 2784 se,
1781 2727 1834 2771 et
1850 2719 2131 2788 prophetae
2150 2717 2215 2769 de

321 2799 431 2853 Deo
469 2800 524 2852 in
560 2797 751 2868 plurali
794 2812 1012 2850 numero
1045 2798 1363 2867 loquuntur,
1400 2799 1493 2866 qui
1520 2797 1708 2851 modus
1738 2805 1935 2850 tantum
1962 2794 2211 2862 loquendi

425 3002 468 3108 ἐξ
495 3001 706 3105 {igtlffl'
705 3004 785 3106 {112⁰
803 3004 1238 3118 {igg'offffi'tegtsse
1257 3063 1307 3106 in
1327 3061 1525 3118 epistola
1546 3068 1708 3110 contra
1720 3059 2073 3119 Haimonidem‚
2086 3071 2211 3118 quae

326 3113 447 3160 iuter
463 3119 708 3179 epistolas,
737 3131 859 3172 ottae
878 3121 1173 3178 naimonidis
1193 3121 1437 3182 dicuntur,
1468 3123 1684 3170 habetur.
1740 3121 1827 3178 Sr-
1859 3123 1879 3148 ‘
