2548 3485
357 193 436 252 10
753 193 1148 239 rueramus
1184 194 1836 242 Tui-:onofflco-Pom'r.

353 376 607 442 cuiusque
635 373 892 442 cupiditas
920 381 972 428 et
991 373 1215 441 potentia
1236 348 1294 424 se
1315 373 1563 438 extendit,
1604 381 1653 425 et
1672 362 1987 441 quod‘nemo
2006 371 2117 426 iure
2135 387 2237 426 na·-

349 461 494 506 turae
522 467 584 506 ex
609 453 822 504 alterius
856 455 1066 520 ingenio
1100 453 1266 504 vivere
1300 458 1529 513 tenetur,
1569 452 1661 504 sed
1704 466 1831 504 suae
1866 452 2235 518 uuusquisque

348 530 602 582 libertatis
641 529 822 582 vindex
857 538 956 586 est.
1029 533 1116 584 30.
1152 532 1421 581 Praeterea
1450 528 1669 581 ostendo
1702 528 1798 582 hoe
1825 531 1936 582 iure
1972 530 2235 582 nemiuem

273 631 280 636 ’
348 623 520 660 revera
549 607 758 670 cedere,
799 607 900 660 uisi
929 611 1020 675 qui
1052 613 1360 677 potestatem
1391 621 1449 658 se
1479 605 1787 659 defendendi
1806 608 1861 658 in
1880 607 2039 660 olium
2058 613 2236 658 trans-

349 685 478 746 fert,
517 689 670 750 utque
689 697 812 735 eum
829 687 1124 738 necessario
1144 685 1342 737 hocius
1372 684 1603 736 naturale
1630 683 1865 736 absolate
1893 686 2137 748 retinere,
2179 685 2233 734 in

350 775 506 828 quem
525 762 893 827 uuusquisque
924 763 1008 814 ius
1028 778 1186 815 suum
1207 777 1266 814 ex
1284 762 1493 829 proprio
1513 775 1611 812 suo
1631 761 1837 827 iugenio
1854 761 2055 814 vivendi
2076 761 2237 812 simul

351 853 469 890 cum
497 844 750 906 potestate
781 853 898 892 sese
925 839 1237 892 defendendi
1274 839 1551 890 transtulit.
1624 837 1798 905 Atque
1837 837 1957 890 hinc
1994 839 2233 900 ostendo,

350 931 440 968 eos
471 917 569 982 qut·
591 931 850 966 summum
877 920 1157 984 imperium
1187 922 1388 981 tenent,
1428 918 1512 967 ius
1540 915 1605 967 ed
1634 916 1809 967 omnia
1840 929 1975 980 quoe
2014 923 2237 981 possunt

349 993 564 1058 hebere,
603 992 850 1058 solosque
877 995 1105 1046 vindices
1135 995 1264 1046 iuris
1294 1000 1344 1046 et
1358 993 1609 1046 libertatis
1630 1005 1775 1055 esse,
1816 992 2041 1058 reliquos
2062 999 2237 1044 autem

352 1085 410 1122 ex
440 1068 554 1122 solo
582 1083 759 1122 eorum
787 1069 990 1123 decreto
1010 1072 1184 1123 omnia
1201 1086 1353 1138 agere
1370 1070 1578 1122 debere.
1651 1070 1736 1122 31.
1777 1071 1968 1122 Verum
1989 1071 2235 1135 quoniam

352 1162 508 1199 nemo
537 1153 788 1213 potestate
813 1162 910 1200 sue
941 1163 1000 1200 se
1027 1147 1339 1200 defendendi
1364 1150 1435 1200 ita
1464 1163 1521 1199 se
1550 1148 1745 1214 privare
1771 1153 1967 1213 potest,
2004 1153 2063 1197 ut
2080 1147 2236 1198 homo

351 1239 468 1276 esse
488 1224 719 1286 desinet,
757 1223 876 1275 liiuc
895 1225 1168 1288 concludo,
1205 1229 1465 1276 neminem
1484 1229 1600 1278 iure
1616 1238 1713 1274 suo
1730 1223 1971 1276 natm-ali
1997 1225 2235 1274 absolute

347 1303 558 1369 lvi-ivan·
571 1315 728 1368 poue
743 1337 756 1362 ,
797 1301 891 1352 sed
917 1302 1158 1356 subditos
1180 1305 1437 1369 quaedem
1466 1303 1619 1368 quasi
1637 1308 1847 1352 uetur-ee
1867 1301 1978 1352 iure
1994 1302 2234 1366 retinere,

351 1393 484 1446 quae
503 1377 569 1429 iis
588 1376 745 1429 adimi
767 1391 867 1430 nou
888 1387 1108 1446 possunt
1127 1381 1242 1432 sine
1263 1394 1451 1446 magno
1470 1379 1668 1445 imperii
1701 1377 1929 1443 periculo
1942 1417 1957 1442 ‚
1996 1393 2235 1444 quaeque

352 1457 482 1508 odeo
509 1453 641 1522 ipsis
672 1454 750 1506 vel
777 1456 926 1507 tacite
953 1456 1339 1519 conceduntur,
1377 1456 1455 1508 vel
1482 1457 1584 1523 ipsi
1614 1469 1855 1522 expresse
1873 1470 1992 1507 eum
2013 1457 2106 1518 iis,
2144 1457 2235 1521 qui

351 1533 626 1602 imperium
646 1538 822 1584 tenent
841 1571 857 1593 ,
893 1534 1226 1600 stipulentur.
1298 1534 1399 1585 His
1418 1531 1753 1585 consideratis
1772 1533 1837 1584 ed
1855 1533 2234 1600 rempublicam

352 1611 715 1663 Hebraeorum
731 1617 939 1661 transeo
953 1650 968 1673 ,
1001 1625 1158 1676 quam
1170 1650 1186 1674 ‚
1226 1619 1287 1662 ut
1304 1611 1577 1664 ostendam
1596 1625 1701 1675 qun
1730 1611 1923 1661 ratione
1940 1618 1992 1660 et
2010 1623 2234 1676 quorum

352 1687 556 1738 decreto
575 1686 752 1753 religio
770 1687 871 1736 vim
891 1687 1020 1739 iuris
1039 1688 1227 1741 habere
1245 1689 1465 1756 incepit,
1506 1695 1557 1739 ct
1580 1686 1746 1739 obiter
1762 1689 1915 1738 etiem
1934 1687 2031 1738 alie
2046 1725 2065 1749 ‚
2102 1701 2237 1753 quae

349 1767 484 1816 scitu
523 1764 679 1830 digna
716 1762 1044 1831 videbantur,
1103 1769 1227 1819 setis
1266 1768 1459 1834 prolixe
1497 1764 1752 1821 describo.
1826 1765 1909 1821 32.
1948 1767 2073 1816 Post
2111 1764 2237 1815 hoec

350 1841 598 1903 ostendo,
639 1854 728 1891 eos
759 1839 851 1905 qui
881 1854 1150 1895 summum
1181 1844 1459 1909 imperium
1488 1849 1692 1906 tenent,
1732 1858 1835 1894 uon
1870 1849 2068 1893 tontum
2106 1842 2235 1893 iuris

349 1918 542 1978 civilis,
581 1916 675 1969 sed
705 1916 858 1967 etiam
885 1922 1014 1971 sacri
1044 1920 1270 1972 vindices
1303 1928 1354 1971 et
1372 1923 1674 1985 interpretes
1694 1934 1838 1981 esse,
1881 1932 2075 1985 eosque
2092 1918 2234 1969 solos

348 1997 433 2048 ius
455 1992 642 2046 hahere
661 1992 1020 2061 discernendi,
1060 1996 1188 2062 quid
1207 1997 1433 2061 iustum,
1474 1997 1601 2061 quid
1621 1997 1901 2056 iniustum,
1942 1996 2067 2061 quid
2090 1996 2235 2062 pium

347 2082 400 2125 et
417 2070 545 2139 quid
564 2070 786 2137 impium
809 2070 898 2123 sit.
969 2074 1037 2125 Et
1055 2073 1261 2125 taudem
1285 2072 1539 2125 concludo
1552 2111 1567 2136 ,
1591 2074 1803 2125 eosdem
1822 2073 2021 2125 hocius
2040 2074 2235 2147 optime

351 2152 571 2202 retinere
599 2154 652 2197 et
678 2148 954 2213 imperium
973 2156 1084 2201 tuto
1103 2164 1402 2203 conservare
1420 2166 1577 2218 posse
1590 2189 1605 2213 ‚
1642 2151 1861 2203 simodo
1878 2153 2165 2216 unicuique
2182 2155 2239 2200 et

350 2229 548 2278 sentire
565 2240 704 2291 quae
721 2225 869 2286 velit,
910 2231 1116 2293 ecquae
1132 2231 1333 2279 sentiat
1348 2229 1525 2279 dicere
1543 2228 1880 2279 concedatur.

451 2304 538 2355 33.
574 2302 719 2353 Haec
736 2309 860 2353 suut
874 2340 889 2364 ,
913 2302 1216 2372 philosophe
1235 2304 1412 2369 lector,
1445 2319 1581 2371 quae
1599 2304 1691 2357 tihi
1711 2305 1795 2357 hic
1812 2303 2147 2357 examinanda
2168 2305 2237 2355 do

350 2393 588 2447 quaeque
624 2392 730 2429 nou
761 2378 954 2445 ingrate
977 2379 1086 2432 fore
1105 2381 1308 2434 confido
1327 2381 1395 2434 ob
1414 2383 1777 2449 praestantiam
1796 2388 1847 2433 et
1866 2380 2135 2433 utilitatem
2159 2397 2239 2432 er-

350 2456 584 2524 gumeuti
603 2461 708 2505 tem
728 2454 889 2506 totius
901 2458 1091 2522 oper-53,
1105 2474 1262 2525 quem
1280 2460 1699 2525 uniuscuiusque
1710 2460 1913 2526 capitis.
1948 2460 2027 2510 Do
2040 2458 2235 2525 quibus

347 2533 496 2601 plura
515 2530 786 2592 addet-eun
807 2531 898 2583 sed
921 2534 1039 2584 noio
1057 2542 1117 2587 ut
1133 2534 1258 2589 haec
1279 2535 1527 2603 praefatio
1540 2539 1591 2589 iu
1607 2537 1845 2588 volumen
1860 2543 2073 2599 crescet,
2091 2551 2237 2603 prae-

348 2611 528 2663 sertim
556 2607 678 2673 quiu
705 2609 980 2677 praecipua
999 2612 1321 2680 philosophis
1352 2613 1478 2665 satis
1508 2628 1767 2682 superque
1786 2619 1903 2665 uota
1924 2628 2043 2665 esse
2062 2613 2235 2665 credo.

346 2686 583 2753 Reliquis
619 2690 795 2737 autem
831 2686 970 2740 huuc
1005 2697 1276 2745 tractatum
1316 2692 1676 2743 commendare
1712 2705 1814 2743 uon
1850 2690 2065 2753 studeo;
2114 2706 2235 2743 uam

349 2764 484 2816 nihil
521 2771 600 2831 est
636 2768 778 2831 quod
814 2780 1018 2834 sperem
1057 2768 1282 2820 eundem
1313 2770 1377 2819 iis
1404 2769 1607 2835 placere
1636 2768 1805 2833 eliqua
1837 2768 2031 2819 ratione
2056 2782 2233 2833 posse.

347 2844 476 2895 Novi
505 2844 674 2906 euim,
716 2860 876 2912 quam
905 2844 1228 2912 pertinaciter
1255 2860 1315 2897 en
1343 2844 1654 2912 praeiudicia
1681 2846 1733 2895 in
1756 2853 1929 2897 mente
1948 2844 2233 2909 inhaerent,

351 2935 484 2985 quae
501 2923 706 2989 pietatis
725 2924 900 2990 specie
919 2921 1184 2988 amplexus
1202 2930 1283 2974 est
1300 2923 1536 2983 enimus:
1576 2923 1694 2974 novi
1713 2923 1916 2984 deiude,
1957 2936 2121 2988 neque
2140 2922 2239 2973 im-

349 2996 598 3064 possibile
619 3012 735 3051 esse
752 2999 905 3067 vulgo
924 3000 1347 3065 superstitionem
1368 2997 1595 3051 adimere
1614 3012 1673 3051 ac
1691 3007 1915 3061 metum;
1954 2999 2071 3050 novi
2090 2998 2239 3051 deui-

351 3088 453 3139 que
481 3077 824 3127 constantiam
854 3075 990 3141 vulgi
1021 3078 1399 3128 contumaciam
1426 3091 1571 3141 esse,
1610 3092 1705 3129 uec
1734 3078 1927 3129 ratione
1962 3076 2098 3141 regi,
2140 3076 2237 3127 sed

350 3152 546 3218 impetu
577 3154 686 3220 rapi
718 3152 784 3205 ad
811 3152 1128 3205 laudandum
1159 3152 1236 3207 vel
1265 3154 1683 3221 vituperandum.
1756 3156 1840 3207 34.
1878 3153 2077 3219 Vulgus
2112 3168 2235 3221 ergo
