2548 3485
378 231 462 289 22
538 216 542 221 ’
773 236 1166 282 ΤκΑοΤΑτυε
1206 234 1867 284 ΤΗΕοιοειεο-Ροιιτ.

379 414 582 477 dimuS,
622 414 762 466 nulla
797 415 895 467 alia
925 415 1164 482 fingenda
1185 430 1353 482 neque
1374 415 1711 467 admittenda.
1780 416 1849 465 Et
1869 414 2110 481 quamvis
2130 414 2267 465 clare

377 491 752 557 intelligamuS,
796 494 962 544 Deum
984 509 1140 559 posse
1162 488 1459 545 immediate
1478 508 1536 545 se
1555 492 1857 544 hominibus
1878 493 2263 544 communicare

305 590 310 603 1
377 568 528 635 (nam
567 569 724 621 nullis
761 572 946 621 mediis
975 571 1236 637 corporeis
1267 570 1511 621 adhibitis
1548 571 1709 621 menti
1746 576 1951 621 nostrae
1988 584 2138 620 suam
2178 582 2268 619 es·-

376 647 600 697 scntiam
635 648 1046 710 communicat),
1087 654 1312 699 attamen
1344 654 1401 699 ut
1428 648 1583 698 homo
1611 646 1800 713 aliquis
1826 646 1934 699 sola
1962 653 2139 698 mente
2165 646 2269 695 ali-

377 737 480 788 qua
517 724 827 790 perciperet,
869 739 1002 790 quae
1030 726 1084 775 in
1113 724 1299 790 primis
1328 733 1533 776 nostrae
1570 725 1877 791 cognitionis
1910 724 2267 775 fundamentis

375 814 482 850 non
519 802 874 863 continentur,
915 816 1010 852 nec
1045 800 1112 851 ab
1151 802 1216 853 iis
1254 802 1443 853 deduci
1482 808 1741 867 possunt,
1780 802 1895 852 eius
1931 815 2078 853 mens
2116 813 2269 867 prae-

380 878 596 927 stantior
625 879 918 929 necessario
947 884 1101 943 atque
1134 877 1359 931 humana
1389 879 1539 944 longe
1558 877 1881 930 excellentior
1896 892 2015 930 esse
2036 876 2265 929 deberet.

377 954 466 1009 23.
505 954 678 1016 Quare
706 969 808 1004 non
839 955 991 1006 credo
1021 954 1190 1005 ullum
1216 954 1375 1006 alium
1406 956 1471 1007 ad
1503 962 1694 1007 tantam
1724 954 2088 1021 perfectionem
2108 968 2271 1019 supra

377 1031 507 1156 aldios
525 1034 822 1096 pervenisse
840 1038 1040 1097 praeter
1057 1031 1319 1083 Christum
1333 1072 1347 1095 ,
1386 1034 1469 1083 cui
1490 1034 1586 1084 Dei
1614 1033 1801 1099 placita
1817 1072 1831 1093 ‚
1870 1046 2005 1097 quae
2025 1032 2267 1083 homines

377 1122 406 1157 a
463 1107 681 1159 salutem
703 1108 927 1170 ducunt,
968 1110 1082 1159 sine
1101 1108 1270 1160 verbis
1292 1115 1383 1160 aut
1402 1110 1689 1161 visionibus
1705 1148 1719 1171 ,
1756 1110 1847 1159 sed
1868 1109 2165 1161 immediate
2182 1106 2270 1159 re·-

375 1182 538 1235 velata
559 1194 710 1245 sunt;
733 1186 862 1237 adeo
882 1194 940 1236 ut
959 1186 1102 1237 Deus
1122 1200 1216 1251 per
1236 1194 1461 1237 mentem
1481 1187 1670 1239 Christi
1692 1200 1813 1241 sese,
1828 1186 2077 1251 apostolis
2096 1186 2269 1236 mani-

375 1259 654 1323 festaverit,
677 1270 736 1312 ut
754 1262 876 1313 olim
895 1264 1033 1317 Mosi
1054 1263 1314 1315 mediante
1340 1277 1462 1314 voce
1484 1268 1646 1315 aerea.
1721 1264 1788 1313 Et
1805 1262 1921 1313 idco
1942 1277 2037 1313 vox
2054 1263 2263 1325 Christi,

378 1338 532 1389 sicuti
555 1338 671 1401 illa,
704 1355 859 1405 qnam
883 1342 1061 1392 Moses
1080 1338 1353 1403 audiebat,
1392 1355 1485 1391 vox
1501 1341 1596 1391 Dei
1626 1340 1792 1391 vocari
1818 1345 2017 1405 potest,
2078 1339 2145 1391 Et
2172 1339 2271 1391 hoc

379 1429 539 1466 sensu
561 1418 712 1467 etiam
733 1416 902 1467 dicere
935 1430 1250 1483 possumuS,
1290 1418 1595 1483 sapientiam
1615 1417 1742 1478 Dei,
1783 1416 1879 1467 hoc
1906 1424 2013 1478 est,
2056 1418 2269 1483 sapien-

377 1493 530 1555 tiam,
552 1507 686 1559 quae
709 1508 867 1559 supra
888 1494 1168 1545 humanam
1188 1499 1295 1557 est,
1323 1499 1559 1546 naturam
1578 1493 1855 1544 humanam
1875 1494 1930 1543 in
1952 1494 2155 1545 Christo
2175 1507 2269 1544 as-

376 1572 670 1636 sumpsisse
689 1570 1013 1621 etChristnm
1034 1573 1168 1623 viam
1190 1571 1375 1623 salutis
1394 1570 1579 1621 fuisse.

479 1675 568 1729 24.
606 1673 800 1724 Verum
820 1687 1026 1723 monere
1045 1673 1130 1723 hic
1151 1686 1365 1726 necesse
1386 1679 1491 1736 est,
1537 1688 1618 1724 me
1638 1674 1703 1725 de
1720 1673 1789 1724 iis
1804 1712 1819 1735 ,
1862 1688 1995 1739 qnae
2012 1674 2271 1739 quaedam
2318 1706 2322 1710 -

379 1749 625 1801 ecclesiae
655 1751 720 1801 de
750 1750 954 1802 Christo
985 1757 1250 1814 statuunt,
1288 1765 1503 1819 prorsus
1531 1765 1635 1802 non
1664 1750 1839 1818 loqui,
1879 1767 2047 1818 neque
2074 1766 2131 1804 ea
2171 1766 2271 1803 ne-

377 1841 524 1892 gare;
573 1841 692 1877 nam
730 1826 950 1878 libenter
985 1827 1147 1880 fateor
1177 1842 1260 1879 me
1296 1843 1356 1880 ea
1392 1843 1497 1881 non
1534 1841 1730 1894 capere.
1773 1823 1951 1890 ‘Quae
1988 1828 2141 1880 modo
2179 1827 2269 1879 as·-

377 1903 604 1966 flrmavi,
661 1919 720 1954 ex
768 1905 880 1969 ipsa
919 1905 1180 1972 Scriptura
1217 1905 1449 1956 coniicio.
1520 1907 1651 1956 Nam
1690 1904 1877 1956 nullibi
1912 1905 2036 1971 legi,
2096 1907 2267 1956 Deum

378 1981 582 2032 Christo
610 1981 914 2047 apparuisse
943 1990 1034 2032 ant
1063 1981 1295 2033 locutum
1329 1983 1521 2042 fuisse,
1562 1982 1653 2033 sed
1683 1983 1852 2033 Deum
1880 1997 1973 2048 per
2003 1982 2269 2034 Christum

309 2093 312 2096 -
379 2058 627 2123 apostolis
657 2058 932 2109 revelatum
961 2059 1152 2120 fuisse,
1195 2074 1421 2126 eumque
1449 2059 1580 2110 viam
1612 2058 1795 2110 salutis
1822 2073 1939 2110 csse
1972 2065 2020 2110 et
2040 2059 2270 2124 denique

377 2142 600 2186 veterem
628 2135 794 2202 legem
823 2149 915 2202 per
941 2135 1212 2202 angelum,
1256 2151 1360 2188 non
1390 2152 1509 2187 vero
1537 2151 1567 2186 a
1585 2138 1695 2186 Deo
1715 2136 2009 2188 immediate
2031 2137 2269 2187 traditam

377 2213 544 2264 fnisse
563 2219 662 2264 etc.
737 2216 940 2277 Quare,
982 2215 1026 2265 si
1048 2215 1226 2266 Moses
1255 2227 1373 2264 oum
1394 2216 1505 2264 Deo
1537 2212 1601 2263 de
1632 2213 1759 2264 facie
1780 2213 1843 2264 ad
1868 2213 2075 2276 faciem,
2118 2222 2175 2263 nt
2194 2214 2273 2264 vir

377 2303 496 2341 cum
519 2293 660 2342 socio
681 2291 814 2341 solet
831 2290 958 2356 (hoc
978 2297 1058 2341 est
1075 2289 1425 2340 mediantibus
1443 2289 1651 2340 duobus
1683 2289 2041 2356 corporibus),
2084 2291 2273 2356 loque-

375 2367 559 2434 batur3
599 2368 836 2418 Christus
856 2367 1070 2434 quidem
1089 2366 1154 2417 de
1186 2373 1359 2417 mente
1388 2365 1452 2417 ad
1482 2374 1709 2418 mentem
1739 2381 1857 2418 cum
1882 2370 1993 2418 Deo
2022 2381 2271 2419 commu-

378 2444 583 2495 nieavit.

478 2546 568 2600 25.
607 2544 912 2598 Asserimus
931 2548 1106 2612 itaque
1123 2553 1319 2613 praeter
1346 2545 1633 2608 Christum,
1678 2547 1939 2598 neminem
1958 2547 2059 2598 nisi
2080 2549 2275 2614 imagi-

377 2623 604 2675 nationis
631 2637 757 2690 ope,
796 2623 1029 2675 videlicet
1055 2639 1154 2690 ope
1189 2622 1465 2676 verborum
1504 2630 1595 2676 aut
1631 2625 1944 2688 imaginum,
1988 2626 2083 2676 Dei
2120 2639 2273 2677 reve-

376 2702 478 2752 lata
497 2701 760 2767 accepisse
777 2739 790 2762 ‚
831 2709 986 2766 atque
1006 2701 1135 2753 adeo
1154 2701 1220 2751 ad
1242 2701 1698 2769 prophetizandum
1718 2715 1823 2752 non
1845 2715 1961 2752 esse
1980 2717 2115 2768 opus
2134 2716 2269 2768 per-

377 2779 587 2830 fectiore
609 2786 808 2838 mente,
851 2777 945 2829 sed
967 2778 1210 2830 vividiore
1228 2779 1619 2844 imaginatione,
1664 2785 1720 2827 ut
1738 2778 1927 2830 clarius
1950 2781 2004 2829 in
2026 2782 2269 2844 sequenti

379 2856 545 2920 capite
575 2855 866 2907 ostendam.
937 2856 1037 2907 Hic
1066 2856 1170 2906 iam
1190 2855 1544 2920 quaerendum
1563 2860 1673 2916 est,
1712 2857 1962 2920 quidnam
1992 2869 2166 2908 sacrae
2198 2857 2271 2908 li-
2371 2849 2377 2859 ’

380 2939 516 2982 terae
547 2932 836 2998 intelligant
869 2945 962 2997 per
997 2933 1239 2996 spiritum
1274 2933 1372 2984 Dei
1407 2930 1673 2999 prophetis
1714 2932 1976 2995 infusum,
2015 2931 2092 2984 vel
2124 2933 2271 2998 quod

378 3008 658 3074 prophetae
693 3023 754 3059 ex
776 3010 872 3059 Dei
909 3009 1094 3076 spiritu
1134 3007 1508 3075 loquebantur-3
1546 3009 1614 3062 ad
1651 3010 1792 3076 quod
1828 3011 2263 3077 investigandum,

380 3093 734 3157 quaerendum
751 3094 927 3158 prius,
967 3094 1094 3159 quid
1115 3093 1369 3161 significat
1385 3110 1479 3147 vox
1495 3095 1729 3148 Hebraea
1751 3100 1869 3160 ΠἹἾ
1888 3097 2085 3162 mag-li,
2106 3110 2271 3162 quam

378 3177 564 3243 vulgus
583 3180 832 3244 spiritum
850 3179 1227 3245 interpretatur.
