2548 3485
1095 145 1233 192 car.
1289 147 1371 190 vr.
2092 140 2175 200 95

291 327 376 380 40.
417 326 488 379 Δι
505 325 766 392 Scriptura
784 340 862 388 ea,
892 339 1026 391 quae
1045 323 1112 376 ad
1131 325 1244 377 eius
1263 323 1547 376 doctrinam
1566 321 1669 375 no'n
1690 330 1942 391 spectant,
1982 324 2177 378 directe

292 417 397 456 non
417 402 566 454 docet
580 443 594 465 ‚
626 404 746 468 quia
766 404 878 456 eius
899 417 1002 454 non
1023 409 1105 454 est
1119 409 1198 466 (ιιι
1214 403 1346 455 circa
1364 402 1530 466 legem
1550 403 1773 454 divinam
1792 401 2177 464 ostendimus1)

291 495 375 532 res
411 494 506 546 per
539 495 722 532 causas
759 480 1044 541 naturales,
1096 493 1264 544 neque
1300 493 1383 530 res
1420 493 1557 530 mere
1593 479 1931 547 speculativas
1968 478 2175 530 docere.

296 559 468 621 Quare
495 559 548 610 id
563 597 576 620 ,
617 557 758 624 quod
787 557 872 608 hic
890 557 1130 608 volumus
1145 595 1158 617 ,
1199 571 1258 607 ex
1278 555 1593 620 quibusdam
1614 557 1905 623 scripturae
1924 555 2173 618 histor-iim

296 649 428 702 quae
447 649 572 686 casu
591 634 838 700 prolixius
857 638 908 684 et
927 632 1167 698 pluribus
1186 634 1583 685 circumstantiis
1604 639 1871 685 narrantur
1884 672 1898 696 ,
1940 647 2029 699 per
2047 647 2179 683 con-

298 706 623 778 sequentiam
645 711 954 762 eliciendum
975 717 1092 771 est;-
1121 710 1303 761 talium
1324 711 1495 776 itaque
1516 709 1712 775 aliquot
1730 711 1783 762 in
1803 709 2033 762 medium
2054 724 2178 775 pro·-

199 781 206 793 '
297 790 476 840 feram.
565 790 653 842 41.
701 790 761 838 In
783 785 914 840 libro
947 789 994 839 1.
1013 786 1309 838 Shamuelis
1327 800 1445 852 cap.
1466 788 1519 838 9.
1540 801 1673 840 ver-S.
1699 789 1781 840 15.
1808 788 1893 839 16.
1920 797 2175 848 narratur,

296 866 436 932 quod
471 867 614 916 Deus
651 863 917 916 Shamueli
953 863 1215 926 revelavit,
1257 877 1314 915 se
1352 863 1563 917 Saulum
1602 864 1668 916 ad
1704 879 1823 916 eum
1860 866 2173 924 missurum3
2221 866 2226 871 “

295 958 388 996 nec
425 951 594 994 tamen
631 943 774 996 Deus
811 940 1034 996 eumad
1071 941 1401 992 Shamuelem
1439 942 1609 1002 misit,
1648 948 1706 992 ut
1740 942 1977 992 homines
2012 941 2183 992 solent

295 1021 522 1086 aliquem
559 1018 621 1070 ad
660 1014 819 1070 alium
859 1019 1084 1080 mittere,
1121 1016 1212 1070 sed
1241 1018 1365 1069 haec
1390 1019 1485 1070 Dei
1514 1019 1695 1068 missio
1732 1018 1859 1068 nihil
1892 1017 2030 1070 alind
2061 1018 2173 1080 fnit,

296 1111 452 1163 quarn
479 1097 593 1162 ipse
623 1102 834 1150 naturae
859 1096 1004 1149 ordo.
1078 1094 1369 1158 Quaerebat
1398 1095 1639 1146 nimirum
1673 1095 1794 1147 Saul
1828 1096 1921 1159 (ut
1948 1097 2000 1147 in
2029 1110 2181 1161 prae—

297 1175 431 1224 dicto
459 1174 624 1239 capite
656 1173 1132 1240 narratur).asina3‚
1175 1186 1307 1238 quas
1334 1171 1653 1238 perdideram
1694 1179 1744 1223 et
1774 1173 1876 1223 iam
1898 1171 2095 1238 absque
2116 1173 2181 1223 iis

298 1251 514 1303 domum
541 1250 706 1302 redire
724 1247 1044 1310 deliberanS,
1083 1263 1140 1300 ex
1169 1248 1385 1300 consilio
1404 1249 1486 1298 sui
1508 1248 1685 1300 famuli
1708 1247 2035 1301 Shamuelem
2056 1264 2180 1316 pro-

298 1327 506 1396 phetam
529 1327 710 1393 adivit,
751 1332 809 1376 ut
833 1339 893 1376 ex
923 1339 983 1377 eo
1012 1317 1192 1387 sciret,
1233 1324 1325 1376 ubi
1354 1324 1560 1376 easdem
1591 1326 1814 1376 invenire
1841 1333 2049 1391 posset,
2090 1341 2183 1378 nec

299 1419 358 1455 ex
385 1410 486 1455 tota
516 1403 805 1455 narratione
833 1410 1057 1465 constat,
1101 1403 1317 1454 Saulum
1346 1401 1485 1452 aliud
1520 1402 1617 1452 Dei
1652 1402 1955 1457 mundatum
1986 1411 2184 1470 praeter

299 1481 436 1534 hunc
465 1489 676 1533 naturae
711 1479 942 1532 ordinem
981 1479 1252 1543 habuisse,
1292 1487 1351 1530 ut
1384 1478 1713 1530 Shamuelem
1748 1475 1945 1544 adiret.J
2000 1482 2086 1535 42.
2124 1483 2183 1530 ln

299 1551 508 1610 Psalmo
530 1558 647 1610 105.
677 1571 811 1609 vers.
831 1557 919 1610 24.
949 1556 1165 1617 dicitur,
1207 1555 1347 1622 quod
1376 1557 1517 1608 Deus
1544 1555 1913 1623 Aegyptiorum
1950 1557 2183 1608 animum

300 1635 534 1698 mutavit,
573 1641 629 1686 ut
647 1634 768 1685 odio
787 1632 1036 1685 haberent
1053 1634 1339 1696 Israelita&
1378 1647 1511 1698 quae
1530 1635 1683 1687 etiam
1704 1635 1919 1684 mutatio
1937 1635 2184 1686 naturalis

299 1713 451 1780 plane
470 1711 592 1775 fuit²
626 1719 684 1764 ut
702 1718 842 1778 patet
857 1727 918 1763 ex
935 1726 1049 1779 cap.
1073 1714 1123 1765 1.
1145 1710 1335 1773 Exodi,
1377 1707 1469 1763 ubl
1489 1711 1615 1762 ratio
1632 1726 1735 1763 non
1756 1711 1880 1763 levis
1898 1712 2183 1781 Aegyptio·-

299 1804 415 1841 rum
437 1795 687 1851 narratur,
711 1790 844 1855 quae
863 1805 954 1841 eos
975 1790 1148 1853 movit,
1185 1788 1443 1841 Israelitas
1462 1789 1527 1840 ad
1548 1790 1843 1841 servitutem
1866 1790 2091 1857 redigere
2104 1792 2181 1859 2).

300 1866 388 1918 43.
429 1866 555 1932 Cap.
577 1867 630 1918 9.
653 1866 844 1918 Genes.
865 1881 998 1917 vers,
1025 1868 1109 1919 13.
1129 1866 1200 1917 ait
1217 1868 1361 1917 Deus
1379 1866 1519 1919 Noae
1534 1906 1549 1927 ,
1579 1880 1637 1917 se
1656 1866 1837 1917 iridem
1858 1868 1911 1917 in
1934 1865 2072 1919 nube
2091 1868 2187 1919 da-

297 1952 492 2004 turum,
517 1958 652 2009 quae
669 1944 823 1993 etiam
841 1944 938 1995 Dei
957 1944 1092 1995 actio
1111 1942 1253 1993 nulla
1271 1957 1398 1995 sane
1418 1944 1513 1994 alia
1532 1950 1631 2005 est,
1654 1945 1753 1995 nisi
1774 1944 2033 1997 radiorum
2052 1944 2179 1996 solis

300 2019 533 2074 refu-actio
561 2028 613 2071 et
639 2020 872 2081 reflexio,
913 2035 1070 2087 quam
1101 2020 1204 2086 ipsi
1232 2019 1359 2072 radii
1390 2020 1443 2070 in
1462 2034 1626 2093 aquae
1653 2011 1869 2085 guttulis
1896 2022 2181 2086 patiuntur.

297 2096 509 2148 Psalmo
531 2097 645 2149 147.
675 2111 808 2149 vers.
835 2098 918 2149 18.
949 2103 1158 2149 vocatur
1197 2096 1281 2147 illa
1318 2100 1453 2149 venti
1478 2092 1739 2148 'naturalis
1773 2098 1905 2147 actio
1942 2104 1993 2148 et
2028 2098 2182 2161 calor,

300 2190 404 2239 quo
427 2174 616 2241 pruina
642 2180 694 2227 ct
721 2174 808 2225 nix
827 2173 1150 2239 liquescunt,
1191 2172 1404 2225 verbum
1422 2174 1549 2234 Dei3
1588 2180 1641 2223 et
1658 2186 1791 2225 vers·
1816 2174 1900 2225 15.
1920 2174 2115 2225 dictum
2136 2182 2187 2225 et

299 2253 396 2303 Del
424 2250 637 2303 verbum
663 2258 846 2303 ventus
875 2251 1116 2316 etsi-igus
1144 2258 1408 2303 vocantur.
1474 2252 1676 2304 Ventus
1704 2258 1754 2302 et
1780 2251 1914 2317 ignis
1942 2258 2185 2303 vocantur

300 2332 357 2381 in
373 2326 579 2381 Psalmo
603 2328 719 2381 104.
742 2342 874 2379 vers.
897 2331 949 2379 4.
971 2328 1122 2394 legati
1139 2335 1188 2379 et
1207 2327 1427 2379 minis-tri
1446 2329 1540 2379 Dei
1561 2344 1575 2389 ;
1617 2334 1665 2379 et
1692 2327 1792 2379 alia
1810 2328 1875 2379 ad
1902 2329 2043 2381 hunc
2062 2344 2182 2381 mo-

301 2406 428 2459 dum
448 2404 593 2471 plura
611 2406 662 2457 in
683 2406 948 2471 Scriptura
970 2406 1321 2471 reperiuntur,
1344 2420 1475 2471 quae
1496 2405 1783 2459 clarissime
1800 2406 2056 2470 indicant,
2089 2409 2185 2459 Dei

301 2483 586 2545 decretum,
609 2482 837 2545 iussum,
860 2481 1056 2533 dictum
1075 2490 1127 2536 et
1143 2481 1359 2535 verbum
1378 2482 1507 2533 nihil
1526 2482 1665 2534 aliud
1683 2498 1817 2547 esse,
1841 2499 1999 2549 quam
2016 2486 2181 2552 ipsam

301 2566 516 2611 naturae
533 2560 788 2611 actionem
809 2560 1131 2611 etordinem.
1205 2561 1292 2611 44.
1334 2560 1505 2622 Quare
1534 2574 1637 2610 non
1668 2560 1883 2612 dubium
1910 2567 2018 2624 est,
2058 2564 2183 2629 quin

302 2637 502 2700 omnia,
542 2650 676 2701 quae
709 2638 761 2687 in
799 2636 1064 2701 Scriptura
1099 2642 1393 2699 narrantur,
1433 2638 1729 2689 naturaliter
1762 2640 2092 2709 contigerint,
2134 2646 2184 2690 et
2257 2672 2261 2676 -

302 2722 474 2767 tamen
491 2712 556 2765 ad
575 2715 746 2765 Deum
764 2712 1073 2775 referuntur,
1114 2715 1233 2780 quia
1257 2715 1579 2779 scripturae,
1620 2721 1677 2765 ut
1706 2716 1807 2768 iam
1835 2715 2179 2777 ostendim-uS,

301 2806 404 2843 non
427 2797 530 2857 est,
573 2804 656 2843 res
677 2805 769 2856 per
787 2805 972 2842 causas
991 2792 1251 2846 naturales
1272 2792 1483 2853 docere,
1522 2791 1615 2843 sed
1635 2798 1834 2844 tantum
1854 2806 1941 2842 eas
1960 2805 2041 2841 res
2060 2805 2183 2844 nar-

302 2880 440 2933 rare,
489 2882 623 2935 quae
657 2868 1078 2935 imaginationem
1113 2868 1216 2921 late
1249 2875 1531 2935 occupant,
1554 2870 1725 2935 idque
1760 2883 1820 2921 ea
1854 2868 2095 2921 methodo
2132 2877 2183 2921 et

407 3057 449 3107 1)
485 3054 585 3098 Vid-
607 3064 712 3110 cap.
729 3057 770 3097 4.
792 3056 835 3107 s.
853 3056 920 3097 38.
941 3066 1012 3111 sq.

402 3116 447 3165 2)
484 3114 584 3158 Vid.
604 3114 749 3160 Exod.
772 3126 812 3159 c.
834 3116 873 3159 1.
894 3128 936 3158 v.
957 3117 996 3157 8.
1017 3126 1120 3171 sqq.
