2548 3485
314 140 440 201 248
717 142 1108 189 Tnac‘ra‘rus
1145 140 1802 189 Tuaonoorco-Pou‘r.

314 322 392 375 vel
427 322 630 388 imperii
667 322 868 386 negotia
904 320 1150 373 tractandi
1188 320 1497 384 concedere;
1534 328 1585 373 et
1616 330 1793 374 contra
1828 322 2003 375 omnia
2032 322 2197 374 multo

315 398 637 450 constantius
655 412 771 451 sese
791 397 981 450 habere
996 437 1011 460 ,
1051 400 1096 449 si
1113 398 1168 450 hi
1185 400 1256 449 ita
1276 400 1662 465 contineantur,
1701 406 1759 451 ut
1778 398 1843 452 de
1863 399 2005 451 nulla
2024 414 2077 451 re
2096 400 2197 451 nisi

315 477 476 542 rogati
498 474 868 543 respondeant,
891 484 942 526 et
959 483 1018 527 ut
1033 476 1238 527 interim
1260 484 1463 544 recepta
1482 483 1679 528 tantum
1700 483 1753 528 et
1769 478 1990 529 maxime
2010 478 2199 528 usitata

317 553 534 605 doceant
569 559 952 619 exerceantque.
1025 554 1112 607 23.
1151 556 1224 604 11.
1261 554 1433 617 Quam
1470 555 1817 622 periculosum
1852 556 1950 617 sit,
2000 553 2065 607 ad
2116 555 2199 605 ius

315 630 548 682 divinum
585 630 774 682 referre
807 644 890 681 res
928 644 1066 681 mere
1093 630 1460 697 speculativas,
1501 632 1745 699 legesque
1772 631 1836 684 de
1863 630 2199 699 opinionibus

315 707 564 767 condere,
607 706 671 759 de
708 705 900 772 quibus
936 705 1174 759 homines
1204 708 1471 775 disputare
1498 709 1670 761 solent
1695 708 1775 761 vel
1804 715 2045 776 possunt.
2117 705 2199 759 Ibi

316 786 458 837 enim
478 783 851 835 violentissime
869 792 1135 849 regnatur,
1175 784 1268 837 ubi
1290 786 1563 853 opiniones
1578 825 1590 847 ,
1631 798 1763 852 quae
1782 786 2201 851 uniuscuiusque

317 863 451 914 iuris
479 868 628 926 sunt,
667 874 771 926 quo
800 875 953 913 nemo
981 862 1162 914 cedere
1182 870 1378 929 potest,
1420 878 1514 930 pro
1534 864 1749 915 erimine
1768 862 2053 927 habentur3
2092 863 2199 914 imo

315 937 488 1007 plebis
507 939 601 1001 ira,
625 936 716 989 ubi
736 936 834 988 hoc
854 936 928 1000 iit,
955 940 1170 991 maxime
1191 954 1404 1005 regnare
1422 940 1572 991 solet.
1643 940 1731 997 24.
1762 940 1959 993 Pilatus
1987 947 2197 1007 nempe,

315 1022 378 1067 ut
404 1014 799 1067 Pharisaeorum
833 1016 940 1067 irae
966 1016 1296 1078 concederet,
1340 1016 1605 1069 Christum
1624 1056 1637 1080 ,
1677 1030 1833 1083 quem
1870 1019 2199 1070 innocentem

317 1098 551 1155 noverat,
589 1090 887 1157 crucifigere
907 1092 1064 1144 iussit
1081 1093 1158 1161 ¹).
1230 1093 1429 1145 Deinde
1448 1100 1508 1145 ut
1526 1093 1789 1147 Pharisaei
1810 1093 2022 1147 ditiores
2041 1110 2069 1147 a
2090 1096 2201 1146 suis

317 1168 658 1235 dignitatibus
697 1168 1054 1232 deturbarent,
1095 1171 1427 1236 quaestiones
1463 1171 1527 1223 de
1564 1171 1807 1237 religione
1846 1186 2047 1224 movere
2083 1186 2204 1224 coe-

317 1253 530 1315 perunt,
569 1252 621 1298 et
648 1245 978 1299 Tsaducaeos
1005 1247 1293 1313 impietatis
1320 1262 1586 1309 accusare;
1626 1255 1675 1299 et
1693 1247 1758 1299 ad
1778 1248 1873 1300 hoc
1890 1248 2202 1303 Pharisaeo-

317 1338 434 1377 rum
469 1323 764 1391 exemplum
799 1323 1014 1389 pessimi
1053 1326 1246 1391 quique
1284 1325 1579 1393 hypocritae
1614 1324 1793 1378 eadem
1830 1324 1969 1379 rabie
2005 1327 2202 1392 agitati,

320 1415 479 1467 quam
505 1399 674 1453 zelum
699 1401 831 1452 iuris
851 1402 1011 1454 divini
1032 1410 1241 1464 vocant,
1273 1404 1409 1454 viros
1430 1401 1680 1471 probitate
1703 1403 1936 1468 insignes
1954 1409 2005 1453 et
2022 1404 2203 1456 virtute

319 1478 502 1540 claros,
525 1483 578 1529 et
594 1476 663 1529 ob
680 1477 732 1529 id
753 1478 893 1545 plebi
912 1479 1124 1541 invisos,
1138 1478 1335 1545 ubique
1353 1480 1612 1546 persecuti
1633 1486 1783 1541 sunt3
1808 1494 1985 1533 eorum
2004 1481 2204 1532 scilicet

318 1556 588 1623 opiniones
617 1553 823 1622 publice
851 1555 1153 1607 detestando
1182 1563 1232 1607 et
1258 1570 1461 1608 saevam
1493 1557 1877 1609 multitudinem
1908 1560 1981 1609 ira
2011 1558 2063 1609 in
2084 1572 2206 1609 eos-

319 1632 438 1684 dem
456 1630 782 1683 incendendo
796 1632 876 1700 ²).
947 1634 1034 1687 25.
1072 1633 1248 1699 Atque
1267 1632 1395 1685 haee
1414 1647 1599 1700 procax
1618 1635 1849 1696 licentia,
1890 1637 2009 1701 quia
2030 1636 2203 1701 specie

322 1709 582 1775 religionis
611 1706 970 1772 adumbratur,
1013 1723 1118 1762 non
1147 1709 1297 1762 facile
1326 1712 1547 1764 coerceri
1580 1718 1776 1778 potest,
1815 1712 2085 1779 praecipue
2110 1712 2205 1765 ubi

321 1800 556 1839 summae
593 1791 877 1851 potestates
906 1793 1100 1838 sectam
1131 1787 1358 1854 aliquam
1394 1789 1813 1856 introduxerunt,
1864 1789 2015 1841 cuius
2057 1791 2205 1857 ipsae

321 1869 554 1914 auctores
581 1875 686 1914 non
714 1869 867 1914 sunt:
908 1863 1028 1930 quia
1059 1872 1169 1916 tum
1199 1879 1303 1917 non
1332 1873 1391 1916 ut
1407 1867 1537 1918 iuris
1556 1867 1715 1918 divini
1736 1868 2039 1934 interpretes
2058 1907 2072 1930 ,
2112 1867 2205 1918 sed

323 1947 382 1992 ut
407 1939 613 1991 sectarii
638 1937 920 2003 habentur,
964 1940 1058 1993 hoc
1087 1949 1194 2005 est,
1236 1950 1297 1994 ut
1325 1945 1416 2009 qui
1446 1952 1615 1995 sectae
1644 1943 1880 1995 doctores
1898 1946 2027 1996 iuris
2047 1945 2205 1997 divini

321 2019 626 2083 interpretes
646 2024 957 2082 agnoscunt3
997 2026 1048 2070 et
1066 2019 1182 2071 ideo
1202 2021 1597 2087 magistratuum
1617 2023 1895 2074 auctoritas
1924 2024 2054 2074 eirca
2076 2021 2204 2073 haec

322 2095 460 2162 apud
486 2092 692 2161 plebem
721 2107 904 2162 parum
934 2095 1097 2148 valere
1117 2097 1276 2160 solet,
1316 2104 1369 2148 at
1383 2098 1669 2166 plurimum
1689 2097 1957 2151 doctorum
1976 2101 2204 2151 auctori-

323 2179 430 2238 tas,
470 2185 693 2238 quorum
719 2173 1231 2239 interpretationibus
1260 2174 1339 2226 vel
1368 2189 1514 2240 reges
1541 2175 1777 2227 submitti
1796 2174 1986 2228 debere
2005 2182 2204 2242 putant.

323 2251 408 2302 26.
446 2247 534 2300 Ad
561 2248 687 2301 haec
715 2262 834 2315 ergo
863 2249 999 2302 mala
1025 2250 1228 2304 vitanda
1259 2251 1386 2302 nibil
1414 2251 1731 2318 reipublicae
1757 2255 1921 2306 tutius
1938 2253 2210 2318 excogitari

323 2332 520 2396 potest,
548 2340 705 2392 quam
729 2327 972 2393 pietatem
1001 2334 1053 2379 et
1080 2329 1346 2395 religionis
1376 2328 1573 2380 cultum
1596 2329 1648 2380 in
1668 2329 1797 2381 solis
1814 2329 2087 2397 operibus,
2111 2329 2209 2380 boe

325 2410 433 2464 est,
471 2403 548 2453 in.
561 2402 675 2454 solo
712 2404 952 2456 exercitio
989 2407 1212 2456 caritatis
1239 2413 1292 2456 et
1318 2405 1543 2458 iustitiae
1571 2419 1789 2472 ponere,
1822 2414 1874 2458 et
1903 2406 1965 2458 de
1995 2407 2209 2472 reliquis

322 2479 544 2534 liberum
571 2480 856 2546 unicuique
883 2481 1136 2534 iudicium
1163 2481 1475 2548 relinquere.
1548 2481 1654 2536 Sed
1694 2482 1758 2535 de
1796 2483 1878 2536 his
1914 2490 2091 2552 postea
2121 2484 2211 2535 su-

325 2560 438 2610 sius
453 2556 531 2624 ⁸).
603 2557 690 2612 2⁷.
728 2558 826 2609 111.
863 2558 1114 2611 Videmus
1155 2573 1312 2624 quam
1350 2573 1566 2611 necesse
1604 2561 1698 2622 sit,
1742 2567 1848 2612 tam
1874 2561 2208 2628 reipublicae,

327 2649 483 2702 quam
503 2623 761 2700 religioni,
784 2636 1006 2688 summis
1025 2636 1405 2703 potestatibus
1388 2651 1472 2690 ius
1492 2637 1556 2689 de
1575 2651 1667 2700 eo,
1701 2637 1840 2706 quod
1861 2635 1940 2690 fas
1960 2639 2211 2705 nefasque

326 2714 420 2778 sit,
463 2710 790 2764 discernendi
823 2712 1122 2765 concedere.
1194 2715 1325 2766 Nam
1364 2716 1410 2766 si
1447 2713 1689 2777 hocius,
1729 2714 1793 2766 de
1820 2715 1975 2768 factis
2010 2716 2211 2769 discer-

328 2789 511 2852 nendi,
545 2790 677 2856 ipsis
698 2789 884 2842 divinis
901 2790 1168 2858 prophetis
1183 2791 1398 2845 concedi
1416 2805 1519 2844 non
1541 2791 1735 2857 potuit,
1760 2791 1861 2844 nisi
1882 2807 2004 2848 cum
2020 2807 2209 2861 magno

433 2993 473 3040 ι)
503 2990 636 3036 Coni'.
657 2992 820 3039 Matth.
843 3005 944 3050 cap.
965 2995 1031 3036 27.

433 3050 476 3096 2)
503 3049 636 3094 Coni'.
659 3052 794 3107 losep
799 3052 843 3096 b.
866 3053 922 3098 de
943 3053 992 3096 B.
1016 3053 1118 3098 lud.
1139 3056 1181 3112 2,
1201 3057 1240 3098 8.
1261 3054 1483 3112 Antiquit.
1505 3057 1571 3115 1⁵,
1590 3058 1659 3101 1⁰.

434 3107 480 3156 3)
508 3107 607 3152 vid.
630 3121 731 3166 cap.
751 3113 817 3153 20.
838 3113 958 3169 inpr.
979 3115 1022 3166 s.
1040 3114 1109 3156 46.
