2548 3485
362 166 393 229 1
404 161 487 228 62
764 163 1154 212 TRACTATUS
1190 162 1590 214 TflEoboelco
1601 190 1626 202 -
1635 163 1848 212 Pomm

364 353 418 398 et
452 345 692 412 quamvis
726 343 981 412 quaedam
1018 342 1237 396 mendae
1270 342 1440 396 clarae
1475 349 1678 404 essent,
1735 357 1840 395 non
1877 348 2048 394 tamen
2085 355 2243 396 ausos

360 423 523 476 fuisse
548 416 881 489 antiquorum
908 429 959 472 et
988 421 1237 474 maiorum
1268 421 1458 488 scripta
1483 421 1776 474 emendare.
1845 421 1953 471 Nec
1979 435 2112 486 opus
2139 421 2242 475 inm

357 500 551 563 habeo,
590 507 649 551 ut
676 499 741 551 de
771 499 853 550 bis
883 499 1129 566 prolixius
1161 498 1243 550 bic
1270 499 1456 550 iterum
1478 512 1646 562 agam.
1714 497 1802 548 31.
1841 499 2070 550 Transeo
2092 498 2245 562 igitur

358 578 422 630 ad
456 591 548 630 ees
585 576 951 642 iudicandum,
992 577 1209 642 quaein
1247 575 1478 642 margine
1515 588 1618 626 nou
1655 581 1916 627 notantur.
1988 575 2164 641 Atque
2199 577 2240 625 1.

358 656 535 706 nescio
564 660 691 720 quot
720 652 885 704 dicam
918 653 1191 720 irrepsisse
1210 653 1261 703 iu
1285 666 1400 719 cap.
1421 653 1477 707 2.
1497 653 1722 712 chraez
1761 667 1879 706 nam
1901 667 1949 704 v.
1975 653 2058 704 64.
2081 651 2245 705 tradi-

357 739 443 784 tur
468 745 675 783 summa
704 730 873 783 totalis
904 745 1085 782 eorum
1114 731 1378 792 omnium,
1419 730 1510 795 qui
1530 729 1858 784 distributive
1879 731 1931 780 in
1951 735 2060 782 toto
2077 731 2244 798 capite

359 815 713 868 numerantur,
733 815 887 874 atque
906 806 1065 860 iidem
1088 807 1332 859 dicuntur
1349 806 1506 858 simul
1527 807 1693 858 fuisse
1711 807 1882 862 42360
1895 843 1908 868 ,
1933 813 1986 860 et
2005 813 2176 860 tamen
2197 808 2242 859 si

358 900 595 938 summas
613 883 853 952 partiales
871 877 1055 946 addas,
1078 898 1179 936 non
1200 883 1376 951 plures
1395 884 1644 946 invenies,
1665 898 1824 950 quam
1841 885 2034 939 29818.
2086 885 2246 938 Error

357 964 511 1028 igitur
540 963 619 1014 liic
646 969 727 1014 est
754 962 832 1014 vel
861 963 914 1012 in
946 962 1114 1020 totali,
1153 961 1231 1012 vel
1262 962 1314 1013 in
1347 961 1650 1026 partialibus
1664 963 1910 1020 summis.
1982 961 2052 1014 At
2073 961 2244 1014 totalis

362 1039 617 1091 credenda
642 1039 844 1092 videtur
870 1046 1007 1093 recte
1035 1039 1191 1100 tradi,
1231 1039 1354 1104 quia
1383 1039 1498 1089 sine
1524 1037 1690 1090 dubio
1729 1053 1842 1090 eum
1879 1040 2244 1105 unusquisque

358 1117 653 1170 memoriter
681 1116 920 1176 retinuit,
960 1125 1019 1166 ut
1054 1130 1163 1168 rem
1199 1114 1616 1177 memorabilem;
1658 1117 1895 1182 partiales
1931 1123 2102 1170 autem
2139 1131 2244 1167 non

356 1198 503 1248 item.
572 1193 829 1260 Adeoque
856 1193 901 1244 si
930 1207 1067 1244 error
1104 1193 1157 1243 in
1199 1193 1408 1244 totalem
1447 1205 1708 1244 summam
1743 1192 2032 1254 laberetur,
2071 1193 2243 1244 statim

360 1272 643 1337 unicuique
678 1276 873 1337 pateret
906 1276 958 1322 et
993 1268 1141 1320 facile
1178 1271 1538 1336 corrigeretur.
1629 1269 1711 1324 32.
1746 1271 1922 1335 Atque
1958 1270 2052 1322 boc
2089 1284 2148 1320 ex
2185 1283 2246 1320 eo

360 1351 511 1417 plane
530 1346 881 1408 confirmatur,
920 1346 1061 1413 quod
1082 1347 1135 1397 in
1152 1346 1368 1398 Nebem.
1390 1361 1507 1414 cap.
1530 1346 1582 1398 7.
1597 1385 1610 1408 ,
1649 1347 1740 1398 ubi
1763 1347 1860 1398 hoc
1879 1355 2032 1414 caput
2050 1349 2246 1401 Hezrae

360 1425 530 1496 (quod
560 1425 776 1493 epistola
804 1424 1129 1490 genealogiae
1164 1425 1400 1492 vocetur)
1439 1422 1780 1486 describitur,
1817 1425 1972 1476 sicuti
2009 1438 2245 1492 expresse

358 1519 515 1556 versu
536 1507 585 1556 5,
619 1503 856 1556 eiusdem
876 1516 993 1568 cap.
1012 1502 1290 1554 Nehemiae
1317 1501 1532 1566 dicitur,
1573 1515 1779 1552 summo
1807 1501 1978 1552 totalis
2007 1515 2124 1552 cum
2154 1501 2248 1552 hac

358 1581 475 1634 libri
513 1583 713 1634 Hezree
748 1579 900 1645 plane
936 1577 1205 1638 convenit,
1261 1577 1504 1643 partiales
1539 1585 1714 1629 autem
1749 1577 1894 1630 valde
1927 1576 2243 1644 discrepant.

363 1659 629 1722 Quasdam
650 1657 790 1711 enim
816 1657 1034 1709 maiores
1048 1693 1061 1716 ‚
1094 1654 1350 1722 quasdem
1371 1670 1524 1722 porro
1541 1656 1798 1718 minores,
1829 1669 1986 1722 quam
2006 1656 2059 1706 in
2081 1657 2250 1708 Hezra

360 1737 614 1804 reperies,
654 1748 847 1799 easque
876 1747 1059 1805 omues
1084 1731 1243 1785 simul
1271 1731 1520 1787 conficere
1549 1733 1736 1789 31089.
1811 1733 1984 1796 Quare
2011 1747 2114 1784 nou
2143 1731 2250 1783 du-

360 1813 505 1865 bium
526 1819 631 1874 est,
674 1812 802 1877 quin
832 1810 883 1861 iu
913 1810 1051 1861 solas
1078 1824 1314 1861 summus
1341 1811 1580 1877 partiales
1609 1819 1714 1863 tam
1735 1810 1852 1865 libri
1873 1812 2070 1863 Hezrae
2089 1822 2248 1877 quam

359 1890 635 1941 Neliemiae
666 1888 845 1954 plures
876 1886 1091 1939 mendae
1122 1888 1440 1953 irrepserint.
1515 1890 1600 1941 33.
1641 1889 2115 1942 Commentatorum
2153 1902 2251 1941 au·-

363 1974 491 2029 tem,
542 1967 633 2032 qui
678 1965 773 2018 bos
817 1964 1077 2017 evidentes
1124 1966 1554 2017 contradictiones
1601 1966 1926 2017 reconciliare
1973 1973 2244 2031 conantur,

364 2044 731 2110 uuusquisque
751 2057 845 2110 pro
874 2043 1069 2095 viribus
1096 2043 1178 2093 sui
1207 2042 1428 2108 ingenii,
1467 2042 1717 2108 quicquid
1752 2048 1944 2107 potest,
1983 2040 2158 2107 fingit:
2197 2048 2250 2093 et

364 2122 583 2183 interea,
624 2120 751 2172 dum
792 2119 990 2171 scilicet
1026 2119 1199 2171 literas
1237 2127 1288 2170 et
1325 2119 1475 2171 verba
1517 2120 1808 2186 scripturae
1843 2118 2080 2181 aderant,
2121 2119 2248 2171 nibil

364 2198 505 2251 aliud
535 2197 756 2259 faciunt,
796 2206 855 2249 ut
883 2198 987 2249 iam
1016 2211 1172 2265 supra
1200 2196 1556 2261 monuimus&
1575 2235 1588 2255 ,
1627 2211 1782 2263 quom
1802 2195 2088 2249 Bibliorum
2111 2198 2248 2247 scri—

364 2284 537 2343 ptores
568 2276 850 2327 contemtui
877 2288 1157 2342 exponere,
1196 2274 1326 2326 adeo
1354 2281 1412 2325 ut
1441 2272 1734 2325 viderentur
1769 2273 2048 2325 nescivisse
2085 2271 2244 2338 loqui,

368 2368 537 2419 neque
557 2367 638 2405 res
660 2351 907 2404 dicendas
927 2351 1191 2413 ordinare;
1227 2354 1332 2403 imo
1351 2350 1478 2403 nibil
1497 2351 1638 2402 aliud
1666 2350 1885 2413 faciunt,
1925 2364 2080 2415 quam
2103 2351 2248 2403 Seri-

364 2438 544 2497 pturae
574 2430 997 2497 perspicuitatem
1030 2430 1184 2495 plane
1225 2426 1520 2481 obscurare.
1593 2429 1724 2479 Nam
1761 2429 1805 2479 si
1843 2428 2040 2493 ubique
2074 2428 2252 2481 liceret

366 2508 659 2574 Scripturas
680 2508 742 2558 od
766 2518 943 2558 eorum
966 2506 1179 2559 modum
1202 2507 1548 2573 interpretari,
1589 2504 1727 2557 nulla
1757 2513 1895 2557 esset
1913 2520 2042 2557 sene
2061 2506 2244 2568 oratio,

367 2585 431 2638 de
458 2586 609 2636 cuius
636 2597 755 2635 vero
788 2598 947 2635 sensu
983 2598 1084 2635 non
1114 2598 1392 2649 possemus
1419 2581 1674 2636 dubitare.
1747 2582 1833 2633 34.
1873 2582 1974 2633 Sed
2003 2596 2110 2634 non
2149 2590 2246 2645 eat,

366 2676 457 2715 cur
484 2663 616 2715 circa
645 2660 769 2713 baec
795 2660 885 2711 diu
916 2660 1165 2714 detinear.
1236 2661 1364 2715 Mihi
1397 2661 1534 2711 euim
1566 2658 1878 2725 persuadeo,
1918 2660 2057 2727 quod
2085 2662 2130 2713 si
2151 2660 2249 2711 ali·-

368 2741 487 2807 quis
510 2738 783 2789 historicus
804 2753 860 2789 ea
883 2741 1053 2789 omnio
1073 2740 1261 2789 imitari
1291 2739 1466 2798 vellet,
1508 2750 1641 2801 quae
1671 2736 1767 2804 ipsi
1799 2736 2140 2803 scriptoribus
2159 2738 2251 2787 Bi·-

370 2818 589 2869 bliorum
611 2816 792 2869 devote
812 2812 1129 2876 concedunt.
1172 2830 1291 2867 eum
1313 2817 1414 2881 ipsi
1435 2814 1610 2865 multis
1634 2812 1800 2865 modis
1824 2814 2113 2865 irriderent.
2185 2814 2250 2865 Et

367 2896 412 2947 si
442 2902 653 2961 putant,
694 2907 812 2946 eum
847 2892 1205 2961 blasphemum
1235 2906 1381 2954 esse,
1422 2891 1511 2958 qui
1533 2891 1847 2957 Scripturem
1877 2890 2066 2943 alicubi
2097 2905 2251 2945 meu-

366 2970 547 3023 dosam
577 2985 693 3024 esse
713 2972 865 3035 dicit,
898 2964 1115 3037 quaeso,
1150 2984 1253 3037 quo
1283 2970 1492 3022 nomine
1521 2974 1629 3021 tum
1658 2970 1804 3036 ipsos
1833 2967 2127 3037 appellabo,
2160 2970 2251 3034 qui

474 3140 513 3194 ·)
548 3139 647 3189 vid·
670 3152 773 3198 cap.
792 3142 835 3183 9.
854 3142 895 3195 ς.
918 3142 983 3183 28.
1005 3152 1109 3199 sqq.
1166 3139 1300 3187 Geni.
1323 3151 1363 3190 e.
1384 3139 1425 3185 ⁹.
1447 3140 1490 3194 ς.
1509 3139 1551 3184 θ.
1573 3145 1668 3185 ιιοι.
1705 3142 1749 3193 ς.
1769 3140 1836 3183 ta.
1857 3142 1953 3183 not.
