2548 3485
349 105 429 164 84
739 99 1129 154 'mac'ra‘rns
1168 105 1827 154 Tul-:onoulco-Ponl'r.

345 287 642 339 strationem
663 286 966 355 investigare
987 287 1276 355 potuerint,
1316 292 1366 337 et
1392 285 1555 337 multo
1582 286 1782 349 minus,
1826 282 1967 351 quod
2000 283 2231 338 doctriua

346 365 636 430 scripturae
683 379 787 416 non
833 373 1011 432 posset
1055 364 1268 430 intelligi
1292 403 1305 425 ,
1366 365 1465 415 nisi
1512 363 1703 414 auditis
1748 362 1931 414 litibus
1970 363 2131 414 Isaaci
2152 363 2229 432 ¹),

342 441 696 507 Achitophelis
715 442 944 494 consiliis
961 441 1246 493 Absolomo
1269 441 1403 492 datis
1418 441 1477 509 ²)
1491 479 1506 503 ,
1544 446 1595 490 et
1610 439 1746 492 bello
1766 440 1899 491 civili
1917 439 2229 494 ludaeorum

342 525 394 570 et
419 519 764 570 Israeliten-um
797 526 848 571 ct
875 519 990 570 aliis
1019 519 1084 572 ad
1117 519 1256 570 huuc
1283 517 1497 569 modum
1518 517 1817 581 chronicis3
1853 523 1943 569 aut
1962 516 2101 583 quod
2121 518 2233 583 pri-

342 597 443 647 mis
463 596 687 657 ludaeis,
712 596 802 662 qui
824 603 1054 662 tempore
1071 598 1238 650 Masis
1256 596 1509 658 vixerunt,
1540 596 1652 661 ipsa
1672 593 1902 647 doctriua
1922 609 1981 646 ex
2000 594 2231 646 historiis

342 689 445 724 non
466 687 628 739 aeque
647 672 794 725 facile
816 673 1153 725 demonstrari
1171 673 1423 740 potuerit,
1464 686 1525 724 ac
1552 672 1620 724 iis
1638 673 1729 737 qui
1748 679 1977 739 tempore
1995 671 2231 724 Hesdrae

340 751 591 803 vixerunt.
666 749 767 800 Sed
797 750 863 801 de
889 751 972 802 his
1005 751 1175 802 fusius
1203 752 1256 802 in
1277 749 1639 815 sequentibus.
1712 751 1799 802 44.
1837 749 2036 816 Vulgus
2053 749 2229 815 itaque

339 843 428 880 eas
449 835 644 878 tantum
667 826 909 879 historias
923 868 938 890 ,
981 841 1114 894 quae
1133 829 1353 878 maxime
1372 841 1551 878 eorum
1570 827 1774 878 animos
1792 826 1858 878 ad
1878 826 2228 878 obedientiam

339 913 392 958 et
419 905 740 958 devotionem
771 919 973 956 movere
1003 913 1248 971 possunt,
1293 904 1426 955 scire
1454 911 1675 958 tenetur.
1746 902 1818 954 At
1843 905 2017 972 ipsum
2044 903 2229 968 vulgus

341 996 445 1034 nou
475 982 603 1034 satis
630 988 810 1048 aptum
839 989 920 1034 est
945 982 1011 1033 ad
1033 981 1325 1033 faciendum
1356 981 1422 1032 de
1450 983 1516 1032 iis
1553 982 1832 1046 iudicium,
1873 988 2047 1048 utpote
2084 981 2227 1046 quod

340 1060 504 1126 magis
544 1058 920 1111 narrationibus
957 1068 1005 1110 et
1050 1074 1220 1111 rerum
1269 1057 1515 1126 singulari
1563 1067 1613 1109 et
1656 1059 1971 1125 inexpectato
2021 1066 2223 1122 eventu,

339 1151 494 1203 quam
523 1138 635 1203 ipsa
674 1136 1004 1188 historiarum
1042 1135 1272 1188 doctrina
1311 1136 1615 1194 delectatur;
1656 1144 1811 1202 atque
1838 1135 1935 1187 hac
1968 1135 2033 1187 de
2070 1150 2227 1188 causa

338 1221 537 1281 praeter
564 1213 836 1264 lectionem
873 1214 1201 1266 historiarum
1232 1212 1529 1280 pastoribus
1558 1213 1663 1282 sive
1691 1213 1942 1265 ecclesiae
1972 1213 2225 1266 ministris

337 1293 551 1358 insuper
579 1291 804 1357 indiget,
843 1292 933 1358 qui
968 1293 1140 1357 ipsum
1159 1305 1254 1359 pro
1273 1289 1618 1341 imbecillitate
1636 1290 1752 1341 eius
1771 1290 1965 1356 ingenii
1987 1288 2223 1342 doceant.

335 1371 423 1420 ⁴5.
462 1367 704 1420 Attamen
726 1382 791 1419 ne
811 1383 838 1419 a
857 1375 1032 1420 nostro
1053 1368 1319 1434 proposito
1340 1365 1656 1431 divagemur,
1697 1367 1789 1418 sed
1811 1366 1882 1432 id,
1914 1366 2054 1432 quod
2074 1383 2227 1435 prae-

337 1446 486 1514 cipue
505 1443 904 1497 intendebamus
921 1443 1196 1496 ostendere
1210 1483 1224 1506 ,
1249 1443 1622 1496 concludamus
1638 1483 1652 1506 ,
1676 1457 1863 1512 nempe
1882 1443 2035 1496 iidem
2054 1443 2225 1496 histo-

335 1524 555 1585 riarum,
593 1535 933 1588 quaecuuque
955 1520 1166 1572 demum
1187 1535 1279 1572 eae
1297 1522 1428 1586 siut,
1470 1519 1534 1572 ad
1553 1521 1717 1587 legem
1738 1521 1961 1574 divinam
1982 1536 2085 1572 non
2104 1537 2226 1588 per-

334 1601 522 1665 tinere,
556 1613 652 1650 nec
671 1599 904 1651 homines
924 1612 1016 1664 per
1033 1611 1090 1649 se
1110 1596 1289 1650 beatos
1309 1596 1550 1660 reddere,
1582 1611 1754 1663 neque
1772 1598 1929 1650 ullam
1950 1598 2222 1650 utilitatem

334 1678 436 1728 nisi
465 1677 661 1729 ratione
689 1676 948 1728 doctrinae
977 1673 1192 1738 habere,
1231 1689 1335 1740 qua
1354 1675 1463 1726 sola
1486 1677 1678 1726 ratione
1701 1674 1828 1727 aliae
1846 1674 2087 1727 historiae
2108 1674 2223 1726 aliis

334 1754 730 1822 praestantiores
759 1760 984 1820 possunt
1014 1767 1150 1803 esse.
1224 1753 1313 1805 46.
1350 1754 1675 1805 Narrationes
1706 1752 1861 1817 igitur
1885 1753 1938 1803 in
1976 1759 2143 1804 vetere
2172 1760 2223 1803 et

335 1847 466 1884 novo
486 1837 792 1883 testamento
810 1837 1080 1882 contentae
1100 1830 1313 1896 reliquis
1333 1829 1585 1897 profanis,
1608 1836 1657 1882 et
1678 1831 1821 1895 ipsae
1840 1830 1993 1882 etiam
2012 1831 2146 1882 inter
2163 1845 2221 1882 se

333 1924 470 1961 unae
498 1908 614 1960 aliis
640 1908 1038 1974 praestantiores
1067 1912 1191 1959 suut
1221 1922 1314 1975 pro
1347 1910 1541 1959 ratione
1568 1906 1875 1959 salutarium
1892 1907 2219 1974 opinionum,

335 2000 468 2051 quae
488 1987 626 2037 exiis
645 1992 956 2051 sequuntur.
1029 1986 1200 2049 Quare
1220 1985 1266 2035 si
1289 1985 1409 2051 quis
1427 1984 1667 2036 historias
1686 1984 1743 2035 S.
1764 1985 2059 2051 Scripturae
2078 1986 2221 2053 lege-

333 2064 426 2125 rit,
467 2065 616 2127 eique
641 2062 696 2113 in
725 2062 970 2114 omnibus
996 2060 1153 2114 fldem
1180 2062 1447 2124 habuerit,
1487 2075 1581 2113 nec
1612 2069 1781 2116 tamen
1811 2062 1875 2113 ad
1914 2062 2213 2129 doctrinam,

333 2154 490 2206 quam
510 2140 623 2207 ipsa
641 2138 828 2192 iisdem
850 2139 1034 2195 docere
1052 2139 1301 2203 intendit,
1340 2138 1638 2211 attenderit,
1682 2152 1776 2191 nec
1794 2140 1947 2191 vitam
1966 2140 2218 2191 emenda-

330 2218 486 2280 verit,
508 2216 718 2283 perinde
738 2218 840 2284 ipsi
861 2226 966 2281 est,
995 2232 1056 2269 ac
1075 2217 1121 2269 si
1139 2216 1453 2268 Alcoranum
1476 2221 1567 2267 aut
1586 2220 1852 2283 poctarum
1876 2214 2078 2269 fabulas
2096 2231 2219 2269 sce-

330 2295 506 2357 nicas,
547 2301 636 2345 aut
662 2294 844 2346 saltem
874 2296 1167 2347 communia
1205 2293 1445 2344 chronica
1466 2307 1524 2344 ea
1551 2294 1855 2357 attentione,
1900 2308 2003 2359 qua
2032 2293 2217 2361 vulgus

329 2371 488 2433 solet,
529 2370 762 2437 legisset:
805 2378 1082 2433 etenum,
1123 2371 1198 2422 uti
1217 2370 1471 2432 diximus,
1509 2370 1586 2431 is,
1627 2372 1719 2437 qui
1740 2385 1827 2422 eas
1847 2370 1999 2437 plane
2020 2371 2221 2437 ignorat

330 2457 382 2499 et
406 2447 568 2500 nihilo
599 2449 769 2499 miuus
799 2449 1051 2501 salutares
1069 2447 1225 2499 habet
1245 2448 1517 2514 opiniones
1538 2462 1813 2513 veramque
1832 2447 2031 2501 vivendi
2059 2450 2221 2500 ratio-

328 2540 448 2576 nem
465 2568 478 2589 ,
519 2526 563 2577 is
581 2524 814 2577 absolute
837 2525 1020 2579 beatus
1045 2533 1125 2577 est
1154 2531 1204 2577 et
1231 2540 1402 2577 revera
1423 2524 1608 2576 Christi
1628 2524 1868 2591 spiritum
1890 2525 1941 2575 in
1964 2539 2021 2578 se
2040 2523 2216 2577 habet.

329 2603 418 2653 4⁷.
456 2600 528 2653 At
544 2600 720 2653 Iudaei
739 2611 914 2653 contra
935 2602 1087 2669 plane
1104 2603 1361 2662 sentinam
1402 2607 1639 2652 statuunt
1668 2603 1803 2652 enim
1838 2615 1984 2652 veras
2004 2603 2212 2668 opinio-

328 2688 422 2731 nes
451 2692 725 2745 veramque
752 2680 951 2731 vivendi
980 2680 1228 2731 rationem
1265 2676 1398 2730 nihil
1432 2676 1677 2743 prodesse
1712 2676 1775 2728 ad
1816 2676 2210 2749 beatitudinem,

328 2770 486 2821 quam
507 2755 597 2808 diu
617 2754 854 2808 homiues
873 2770 959 2808 cas
979 2770 1036 2807 ex
1056 2756 1169 2807 solo
1187 2756 1383 2806 lumine
1402 2754 1619 2810 naturali
1640 2748 2021 2821 amplectuntur
2038 2761 2090 2805 et
2106 2768 2211 2805 non

325 2839 386 2883 ut
413 2833 721 2887 documenta
746 2832 886 2887 Mosi
913 2832 1206 2901 prophetice
1243 2832 1476 2885 revelata.
1549 2832 1663 2883 Hoc
1698 2832 1836 2885 enim
1864 2828 2209 2885 Haimonides

433 3016 476 3064 1)
511 3016 609 3061 vid.
631 3016 797 3064 Genea.
818 3020 888 3074 2⁶,
909 3022 974 3062 ¹4.
996 3032 1100 3077 sqq.

429 3074 476 3125 2)
512 3074 607 3118 vid.
628 3078 654 3117 ²
672 3076 794 3121 Sam.
819 3080 884 3133 1⁶,
903 3081 968 3121 2⁰.
991 3091 1093 3137 sqq.
1125 3081 1190 3138 ss,
1211 3083 1250 3123 ¹.
1270 3092 1375 3137 sqq.
