2548 3485
453 163 532 219 44
681 211 687 216 .
852 165 1246 211 Tnac'ra'rus
1286 166 1687 211 TflEoLOGlco
1702 168 1940 213 -vour,

449 344 1090 410 laret,1sraelitas‚·quia
1109 344 1327 396 vitulum
1352 343 1710 407 adoraverant,
1750 346 1963 411 reliquis
1988 345 2233 411 gentibus
2264 346 2343 397 si·-

449 420 600 472 miles
621 420 780 473 factos
795 436 932 484 esse,
955 423 1024 473 ait
1037 436 1151 490 cap.
1169 422 1255 473 33.
1278 437 1327 473 v.
1342 424 1394 475 2.
1409 421 1461 472 3.
1486 436 1542 472 se
1563 423 1844 474 missurum
1860 422 2125 487 angelum,
2149 423 2245 474 boe
2260 431 2341 475 est

451 512 563 562 ene,
583 496 725 564 quod
745 499 853 551 vice
872 500 1103 565 supremi
1123 500 1256 551 entis
1271 488 1619 551 israelitarum
1641 513 1817 551 curam
1837 500 2065 562 baberet,
2084 515 2141 551 se
2163 509 2339 552 autem

449 576 584 627 nolle
612 577 744 627 inter
770 577 916 644 ipsos
937 592 1073 629 esse.
1149 579 1264 628 Hoc
1286 578 1426 627 enim
1446 576 1600 628 modo
1622 576 1748 630 nibil
1770 578 1908 629 Mosi
1931 577 2335 643 relinquebatur,

449 666 507 703 ex
527 667 630 717 quo
651 654 750 719 ipsi
771 661 1027 705 constaret
1046 654 1313 705 Israelitas
1331 655 1442 705 Deo
1462 652 1676 719 reliquis
1699 648 2018 717 nationibus,
2043 670 2175 721 quas
2195 657 2341 706 Deus

449 730 605 780 etiam
626 744 777 780 curae
797 730 1012 782 aliorum
1033 731 1230 783 entium
1254 732 1365 783 sive
1388 730 1686 796 angelorum
1709 731 2002 793 tradiderat,
2045 733 2338 795 dilectiores

447 821 590 873 esse,
633 815 687 858 ut
722 813 922 878 constat
956 823 1015 860 ex
1047 810 1203 862 v.16.
1238 806 1470 860 eiusdem
1507 808 1710 875 capitis·
1783 810 1868 859 45.
1909 810 2175 876 Denique,
2215 811 2341 874 quia

446 885 589 935 Deus
625 884 678 934 in
709 884 864 935 coelis
886 884 1115 937 habitere
1136 884 1467 949 credebatur,
1508 884 1624 937 ideo
1643 878 1815 947 DeuS,
1856 893 2103 952 tanquam
2133 900 2161 936 e
2191 886 2339 938 coelo

447 970 610 1027 supra·
625 969 856 1013 montem
877 961 1201 1014 descendens
1216 1001 1230 1025 ,
1266 960 1613 1026 revelabatur,
1644 970 1696 1014 et
1713 963 1889 1015 Moses
1910 965 2062 1015 etiam
2086 970 2335 1027 montem,

446 1046 505 1090 ut
520 1039 688 1089 Deum
719 1039 1095 1105 alloqueretur,
1137 1039 1476 1102 ascendebat,
1512 1040 1657 1107 quod
1686 1041 1905 1091 minime
1934 1055 2066 1107 opus
2098 1041 2145 1091 ei
2174 1049 2333 1102 esset,

445 1116 492 1165 si
519 1130 685 1182 aeque
717 1114 865 1168 facile
886 1118 1054 1188 Deum
1086 1115 1281 1182 ubique
1308 1117 1575 1181 imaginari
1598 1124 1805 1183 posset..
1863 1117 2125 1169 Israelitae
2145 1117 2209 1169 de
2227 1118 2339 1186 Deo

444 1190 572 1245 nihil
607 1191 710 1244 fere
741 1201 958 1256 norunt,
1001 1193 1200 1244 tametsi
1231 1194 1332 1259 ipsi
1362 1193 1611 1245 revelatus
1642 1201 1747 1258 est,
1783 1195 1923 1261 quod
1967 1195 2179 1260 quidem
2215 1194 2339 1262 plus
2408 1192 2413 1197 ’

446 1284 602 1335 quam
645 1271 773 1321 satis
810 1270 1172 1335 ostenderunt,
1215 1285 1377 1336 quum
1421 1266 1536 1323 eius
1564 1270 1811 1322 bonorem
1842 1279 1892 1322 et
1920 1265 2116 1323 culturu
2158 1273 2339 1337 paucis

445 1353 567 1413 post
604 1347 802 1399 diebus·
832 1348 990 1399 vitulo
1013 1347 1377 1409 tradiderunt,
1438 1347 1871 1413 credideruntque
1905 1347 2053 1400 illum
2092 1364 2209 1401 esse
2246 1363 2338 1401 eos

443 1423 590 1485 deos,
613 1426 706 1490 qui
725 1439 815 1477 eos
835 1439 896 1476 ex
915 1424 1154 1492 Aegypto
1172 1425 1455 1477 eduxerant
1473 1423 1551 1492 ¹).
1624 1426 1711 1477 46.
1744 1428 1847 1477 Nec
1868 1440 1995 1476 sane
2014 1426 2336 1477 credendum

445 1508 551 1561 est,
591 1500 733 1565 quod
751 1500 993 1554 homines
1023 1501 1485 1568 superstitionibus
1504 1502 1877 1569 Aegyptiorum
1910 1504 2139 1565 assueti,
2178 1502 2338 1552 rudes

444 1585 494 1628 et
521 1576 810 1629 miserrima
840 1580 1082 1629 servitute
1111 1580 1357 1640 confecti,
1400 1578 1595 1645 aliquid
1624 1580 1735 1631 sani
1759 1578 1823 1629 de
1841 1580 1952 1629 Deo
1971 1579 2333 1640 intellexerint,

443 1661 532 1705 aut
551 1654 692 1719 quod
713 1656 896 1704 Moses
915 1669 1005 1705 eos
1027 1655 1220 1721 aliquid
1244 1655 1501 1718 docum-lt,
1543 1669 1698 1720 quam
1720 1654 1933 1707 modum
1954 1652 2185 1717 vivendi,
2226 1670 2335 1706 nou

441 1730 652 1796 quidem
673 1736 920 1796 tanquam
943 1730 1215 1798 philosoph
1231 1747 1295 1783 us
1318 1771 1333 1792 ,
1370 1739 1428 1784 ut
1448 1730 1654 1783 tandem
1676 1749 1733 1782 ex
1753 1733 1911 1783 animi
1933 1730 2194 1794 libertate,
2236 1733 2333 1784 sed

441 1815 688 1872 tanquam
719 1807 1006 1871 legislator,
1045 1815 1103 1859 ut
1127 1823 1186 1861 ex
1214 1811 1431 1875 imperio
1463 1808 1596 1875 legis
1616 1810 1780 1860 coacti
1800 1817 1976 1860 essent
1992 1808 2125 1860 bene
2145 1811 2332 1862 vivere.

438 1883 526 1935 47.
565 1883 738 1946 Quare
756 1884 882 1935 ratio
903 1884 1034 1936 bene
1056 1886 1258 1937 vivendi
1280 1888 1391 1938 sive
1410 1900 1528 1937 vera
1550 1887 1666 1947 vita,
1706 1887 1911 1952 Deique
1928 1885 2101 1937 cultus
2120 1894 2171 1938 et
2188 1902 2337 1938 amor

438 1961 504 2010 iis
535 1961 701 2026 magis
730 1963 979 2023 servitus,
1019 1977 1176 2028 quam
1203 1978 1319 2016 vera
1348 1962 1592 2038 libertas,
1632 1965 1832 2030 Deique
1858 1964 2015 2030 gratia
2046 1970 2099 2016 et
2133 1964 2332 2015 donum

439 2036 556 2088 fuit.
628 2039 796 2089 Deum
836 2040 974 2090 enim
1011 2053 1183 2092 amare
1220 2041 1439 2107 eiusque
1476 2040 1640 2107 legem
1678 2056 1876 2092 servare
1912 2042 2095 2102 iussn,
2136 2048 2192 2092 ut
2219 2043 2335 2092 Deo

439 2116 710 2181 praeterita
741 2116 888 2167 bona·
904 2117 990 2185 (ex
1009 2115 1291 2184 Agyptiaca
1310 2117 1505 2170 scilicet
1522 2119 1765 2170 servitute
1782 2117 2066 2179 libertatem
2088 2117 2218 2184 etc.)
2240 2131 2333 2169 ac-

440 2200 585 2260 cepta
618 2193 832 2254 ferreum
882 2201 933 2245 et
961 2208 1112 2260 porro
1145 2197 1301 2246 minis
1331 2210 1419 2246 eos
1448 2195 1819 2261 perterrefacit,
1852 2195 1897 2244 si
1934 2194 2136 2246 illorum
2175 2209 2334 2261 prae-

439 2278 705 2335 ceptorum
737 2270 962 2322 fuissent
980 2279 1414 2338 transgressore3‚
1446 2279 1496 2324 et
1527 2281 1731 2335 contra,
1775 2273 1821 2324 si
1848 2287 1906 2324 ea
1926 2270 2326 2337 observaverint,

441 2347 601 2397 mult'a
620 2348 870 2412 promittit
888 2348 1042 2400 bona.
1091 2350 1199 2400 Eos
1217 2351 1394 2416 itaque
1415 2350 1597 2402 eodem
1619 2351 1773 2401 modo
1791 2350 1984 2410 docuit,
2008 2363 2067 2401 ac
2087 2359 2331 2416 parentes

438 2437 629 2489 pueros
648 2426 788 2475 omni
809 2427 1003 2477 ratione
1023 2433 1257 2478 carentes
1278 2427 1464 2478 solent.
1506 2428 1678 2491 Quare
1698 2434 1893 2478 certum
1908 2433 2004 2492 est,
2021 2442 2110 2479 eos
2125 2429 2333 2480 virtutis

439 2500 786 2553 excellentiam
808 2517 1083 2569 veramque
1106 2503 1510 2555 beatitudinem·
1497 2497 1829 2571 ignoravisse.
1901 2505 1989 2556 48.
2028 2507 2181 2556 Ionas
2201 2521 2333 2558 con-

439 2586 675 2644 spectum
694 2579 791 2630 Dei
811 2578 986 2645 fugere
1005 2582 1204 2647 putavit
1219 2581 1303 2649 2);
1338 2571 1479 2648 quod
1498 2583 1697 2634 videtur
1714 2580 2004 2647 ostendere,
2030 2596 2148 2634 eum
2170 2584 2327 2636 etiam

438 2655 748 2718 credidisse,
789 2658 957 2708 Deum
986 2672 1162 2709 curam
1191 2667 1472 2711 ceterarum
1502 2661 1770 2725 regionum
1784 2666 1924 2710 extra
1942 2659 2187 2711 Iudaeam
2210 2660 2330 2712 aliis

439 2735 702 2801 potentiis,
742 2748 771 2787 a
789 2749 847 2784 se
868 2741 1036 2786 tamen
1059 2736 1360 2788 substitutis
1375 2776 1389 2799 ,
1430 2737 1723 2788 tradidisse.
1795 2737 1902 2788 Nec
1923 2735 2097 2788 ullus
2082 2753 2134 2788 in
2157 2744 2329 2790 vetere

385 2835 392 2842 ·
438 2818 744 2864 testamento
763 2811 996 2874 babetur,
1029 2814 1122 2881 qui
1142 2814 1618 2880 magis'secundum
1640 2815 1887 2883 rationem
1909 2815 1973 2866 de
1990 2815 2100 2865 Deo
2121 2814 2328 2867 locutus

437 2895 546 2950 est,
577 2903 735 2955 quam
756 2888 998 2941 Salomon
1013 2930 1027 2954 ,
1057 2892 1149 2958 qui
1169 2892 1367 2944 lumine
1388 2891 1609 2945 naturali
1629 2906 1812 2944 omnes
1832 2893 1916 2943 sui
1936 2893 2129 2944 saeculi
2151 2907 2325 2960 supe—

541 3074 588 3122 1)
622 3073 765 3117 Exod·
789 3087 874 3130 cap
879 3079 978 3135 .‚32
1001 3079 1039 3120 1.
1061 3089 1164 3134 sqq.

541 3132 584 3183 2)
622 3131 724 3176 Ion·
747 3136 787 3190 ι,
