<?xml version="1.0" encoding="UTF-8"?>
<!DOCTYPE html PUBLIC "-//W3C//DTD XHTML 1.0 Transitional//EN"
    "http://www.w3.org/TR/xhtml1/DTD/xhtml1-transitional.dtd">
<html xmlns="http://www.w3.org/1999/xhtml" xml:lang="en" lang="en">
 <head>
  <title>
</title>
<meta http-equiv="Content-Type" content="text/html;charset=utf-8" />
  <meta name='ocr-system' content='tesseract 3.04.00' />
  <meta name='ocr-capabilities' content='ocr_page ocr_carea ocr_par ocr_line ocrx_word'/>
</head>
<body>
  <div class='ocr_page' id='page_1' title='image "benedictidespin05brudgoog_0071.png"; bbox 0 0 2548 3485; ppageno 0'>
   <div class='ocr_carea' id='block_1_1' title="bbox 1119 125 2193 182">
    <p class='ocr_par' dir='ltr' id='par_1_1' title="bbox 1119 125 2193 182">
     <span class='ocr_line' id='line_1_1' title="bbox 1119 125 2193 182; baseline 0.011 -11"><span class='ocrx_word' id='word_1_1' title='bbox 1119 125 1258 172; x_wconf 77' lang='lat' dir='ltr'>cAP.</span> <span class='ocrx_word' id='word_1_2' title='bbox 1313 128 1379 172; x_wconf 86' lang='grc' dir='ltr'><strong>ιι.</strong></span> <span class='ocrx_word' id='word_1_3' title='bbox 2111 125 2193 182; x_wconf 78' lang='grc'><strong>47</strong></span> 
     </span>
    </p>
   </div>
   <div class='ocr_carea' id='block_1_2' title="bbox 237 303 2199 2607">
    <p class='ocr_par' dir='ltr' id='par_1_2' title="bbox 237 303 2199 2607">
     <span class='ocr_line' id='line_1_2' title="bbox 302 303 2196 370; baseline 0.001 -14"><span class='ocrx_word' id='word_1_4' title='bbox 302 303 490 356; x_wconf 82' lang='lat' dir='ltr'><strong>allatas</strong></span> <span class='ocrx_word' id='word_1_5' title='bbox 519 303 714 364; x_wconf 84' lang='lat' dir='ltr'><strong>fuisse,</strong></span> <span class='ocrx_word' id='word_1_6' title='bbox 754 319 858 356; x_wconf 90' lang='lat' dir='ltr'><strong>non</strong></span> <span class='ocrx_word' id='word_1_7' title='bbox 886 318 1004 356; x_wconf 81' lang='lat' dir='ltr'><strong>vero</strong></span> <span class='ocrx_word' id='word_1_8' title='bbox 1031 303 1172 370; x_wconf 87' lang='lat' dir='ltr'><strong>quod</strong></span> <span class='ocrx_word' id='word_1_9' title='bbox 1199 305 1305 355; x_wconf 88' lang='lat' dir='ltr'><strong>sint</strong></span> <span class='ocrx_word' id='word_1_10' title='bbox 1332 303 1558 355; x_wconf 80' lang='lat' dir='ltr'><strong>rationes</strong></span> <span class='ocrx_word' id='word_1_11' title='bbox 1584 305 1903 358; x_wconf 82' lang='lat' dir='ltr'><strong>universales</strong></span> <span class='ocrx_word' id='word_1_12' title='bbox 1925 305 1993 358; x_wconf 84' lang='lat' dir='ltr'><strong>ad</strong></span> <span class='ocrx_word' id='word_1_13' title='bbox 2014 320 2196 362; x_wconf 83' lang='lat' dir='ltr'><strong>omnes</strong></span> 
     </span>
     <span class='ocr_line' id='line_1_3' title="bbox 303 380 2197 449; baseline 0.002 -18"><span class='ocrx_word' id='word_1_14' title='bbox 303 380 739 432; x_wconf 82' lang='lat' dir='ltr'><strong>convincendum.</strong></span> <span class='ocrx_word' id='word_1_15' title='bbox 837 382 923 433; x_wconf 83' lang='lat'><strong>56.</strong></span> <span class='ocrx_word' id='word_1_16' title='bbox 977 383 1084 434; x_wconf 78' lang='lat' dir='ltr'><strong>Nec</strong></span> <span class='ocrx_word' id='word_1_17' title='bbox 1113 381 1266 432; x_wconf 80' lang='lat' dir='ltr'><strong>aliter</strong></span> <span class='ocrx_word' id='word_1_18' title='bbox 1304 380 1368 432; x_wconf 91' lang='lat' dir='ltr'><strong>de</strong></span> <span class='ocrx_word' id='word_1_19' title='bbox 1407 381 1593 434; x_wconf 80' lang='lat' dir='ltr'>Christi</span> <span class='ocrx_word' id='word_1_20' title='bbox 1634 383 1925 434; x_wconf 83' lang='lat' dir='ltr'><strong>rationibus</strong></span> <span class='ocrx_word' id='word_1_21' title='bbox 1949 423 1963 446; x_wconf 95' lang='lat'><strong>‚</strong></span> <span class='ocrx_word' id='word_1_22' title='bbox 2006 383 2197 449; x_wconf 89' lang='lat' dir='ltr'><strong>quibus</strong></span> 
     </span>
     <span class='ocr_line' id='line_1_4' title="bbox 302 459 2197 526; baseline 0.002 -16"><span class='ocrx_word' id='word_1_23' title='bbox 302 459 612 510; x_wconf 68' lang='lat' dir='ltr'><strong>Pharisaeos</strong></span> <span class='ocrx_word' id='word_1_24' title='bbox 643 460 996 515; x_wconf 70' lang='lat' dir='ltr'><strong>contumaciae</strong></span> <span class='ocrx_word' id='word_1_25' title='bbox 1029 467 1078 510; x_wconf 89' lang='lat' dir='ltr'><strong>et</strong></span> <span class='ocrx_word' id='word_1_26' title='bbox 1104 459 1421 524; x_wconf 81' lang='lat' dir='ltr'><strong>ignorantiae</strong></span> <span class='ocrx_word' id='word_1_27' title='bbox 1440 460 1697 510; x_wconf 82' lang='lat' dir='ltr'><strong>convincit</strong></span> <span class='ocrx_word' id='word_1_28' title='bbox 1717 459 2197 526; x_wconf 84' lang='lat' dir='ltr'><strong>discipulosquead</strong></span> 
     </span>
     <span class='ocr_line' id='line_1_5' title="bbox 305 535 2197 602; baseline 0.003 -16"><span class='ocrx_word' id='word_1_29' title='bbox 305 549 477 586; x_wconf 84' lang='lat' dir='ltr'><strong>veram</strong></span> <span class='ocrx_word' id='word_1_30' title='bbox 508 535 661 586; x_wconf 79' lang='lat' dir='ltr'><strong>vitam</strong></span> <span class='ocrx_word' id='word_1_31' title='bbox 697 536 958 596; x_wconf 81' lang='lat' dir='ltr'><strong>hortatur,</strong></span> <span class='ocrx_word' id='word_1_32' title='bbox 1000 537 1362 597; x_wconf 77' lang='lat' dir='ltr'><strong>statuendum;</strong></span> <span class='ocrx_word' id='word_1_33' title='bbox 1407 536 1549 602; x_wconf 90' lang='lat' dir='ltr'><strong>quod</strong></span> <span class='ocrx_word' id='word_1_34' title='bbox 1586 551 1773 602; x_wconf 79' lang='lat' dir='ltr'><strong>nempe</strong></span> <span class='ocrx_word' id='word_1_35' title='bbox 1812 551 1935 590; x_wconf 81' lang='lat' dir='ltr'><strong>suas</strong></span> <span class='ocrx_word' id='word_1_36' title='bbox 1972 539 2197 591; x_wconf 69' lang='lat' dir='ltr'><strong>rationes</strong></span> 
     </span>
     <span class='ocr_line' id='line_1_6' title="bbox 303 611 2193 682; baseline 0.002 -19"><span class='ocrx_word' id='word_1_37' title='bbox 303 611 640 678; x_wconf 78' lang='lat' dir='ltr'><strong>opinionibus</strong></span> <span class='ocrx_word' id='word_1_38' title='bbox 669 621 720 666; x_wconf 85' lang='lat' dir='ltr'><strong>et</strong></span> <span class='ocrx_word' id='word_1_39' title='bbox 749 613 1018 680; x_wconf 82' lang='lat' dir='ltr'><strong>principiis</strong></span> <span class='ocrx_word' id='word_1_40' title='bbox 1045 615 1464 678; x_wconf 81' lang='lat' dir='ltr'><strong>uniuscuiusque</strong></span> <span class='ocrx_word' id='word_1_41' title='bbox 1502 613 1921 666; x_wconf 73' lang='lat' dir='ltr'><strong>accommodavit.</strong></span> <span class='ocrx_word' id='word_1_42' title='bbox 1983 615 2085 666; x_wconf 83' lang='lat' dir='ltr'><strong>Ex.</strong></span> <span class='ocrx_word' id='word_1_43' title='bbox 2116 631 2193 682; x_wconf 75' lang='lat' dir='ltr'><strong>gr.</strong></span> 
     </span>
     <span class='ocr_line' id='line_1_7' title="bbox 307 689 2198 756; baseline 0.002 -15"><span class='ocrx_word' id='word_1_44' title='bbox 307 704 472 755; x_wconf 89' lang='lat' dir='ltr'><strong>quum</strong></span> <span class='ocrx_word' id='word_1_45' title='bbox 494 689 790 742; x_wconf 87' lang='lat' dir='ltr'><strong>Pharisaeis</strong></span> <span class='ocrx_word' id='word_1_46' title='bbox 809 691 938 742; x_wconf 81' lang='lat' dir='ltr'><strong>dixit</strong></span> <span class='ocrx_word' id='word_1_47' title='bbox 955 692 1094 752; x_wconf 83' lang='lat' dir='ltr'><strong>(vide</strong></span> <span class='ocrx_word' id='word_1_48' title='bbox 1115 691 1300 743; x_wconf 78' lang='lat' dir='ltr'><strong>Matth.</strong></span> <span class='ocrx_word' id='word_1_49' title='bbox 1324 704 1438 756; x_wconf 86' lang='lat' dir='ltr'><strong>cap.</strong></span> <span class='ocrx_word' id='word_1_50' title='bbox 1466 690 1549 744; x_wconf 77' lang='lat'><strong>12.</strong></span> <span class='ocrx_word' id='word_1_51' title='bbox 1573 704 1618 741; x_wconf 85' lang='lat' dir='ltr'><strong>v.</strong></span> <span class='ocrx_word' id='word_1_52' title='bbox 1639 691 1785 754; x_wconf 78' lang='lat'>26.):</span> <span class='ocrx_word' id='word_1_53' title='bbox 1822 697 1878 742; x_wconf 77' lang='lat' dir='ltr'><strong>et</strong></span> <span class='ocrx_word' id='word_1_54' title='bbox 1902 691 2198 744; x_wconf 76' lang='lat' dir='ltr'><strong>siSatanas</strong></span> 
     </span>
     <span class='ocr_line' id='line_1_8' title="bbox 303 766 2199 835; baseline 0.002 -18"><span class='ocrx_word' id='word_1_55' title='bbox 303 766 564 817; x_wconf 76' lang='lat' dir='ltr'><strong>Satanam</strong></span> <span class='ocrx_word' id='word_1_56' title='bbox 589 769 767 829; x_wconf 74' lang='lat' dir='ltr'><strong>eiicit,</strong></span> <span class='ocrx_word' id='word_1_57' title='bbox 808 768 1060 818; x_wconf 69' lang='lat' dir='ltr'><strong>adversus</strong></span> <span class='ocrx_word' id='word_1_58' title='bbox 1085 785 1142 818; x_wconf 76' lang='lat' dir='ltr'><strong>se</strong></span> <span class='ocrx_word' id='word_1_59' title='bbox 1169 770 1344 835; x_wconf 73' lang='lat' dir='ltr'><strong>ipsum</strong></span> <span class='ocrx_word' id='word_1_60' title='bbox 1373 767 1571 818; x_wconf 79' lang='lat' dir='ltr'><strong>divisus</strong></span> <span class='ocrx_word' id='word_1_61' title='bbox 1600 773 1708 831; x_wconf 74' lang='lat' dir='ltr'><strong>est,-</strong></span> <span class='ocrx_word' id='word_1_62' title='bbox 1745 770 2006 834; x_wconf 80' lang='lat' dir='ltr'><strong>quomodo</strong></span> <span class='ocrx_word' id='word_1_63' title='bbox 2024 772 2199 835; x_wconf 75' lang='lat' dir='ltr'><strong>igitur</strong></span> 
     </span>
     <span class='ocr_line' id='line_1_9' title="bbox 303 844 2197 914; baseline 0.003 -19"><span class='ocrx_word' id='word_1_64' title='bbox 303 850 452 895; x_wconf 66' lang='lat' dir='ltr'><strong>stare</strong></span> <span class='ocrx_word' id='word_1_65' title='bbox 469 849 648 910; x_wconf 76' lang='lat' dir='ltr'><strong>potest</strong></span> <span class='ocrx_word' id='word_1_66' title='bbox 661 860 887 910; x_wconf 75' lang='lat' dir='ltr'><strong>regnum</strong></span> <span class='ocrx_word' id='word_1_67' title='bbox 908 849 1058 896; x_wconf 77' lang='lat' dir='ltr'><strong>eius?</strong></span> <span class='ocrx_word' id='word_1_68' title='bbox 1091 845 1220 896; x_wconf 87' lang='lat' dir='ltr'><strong>nihil</strong></span> <span class='ocrx_word' id='word_1_69' title='bbox 1244 846 1346 896; x_wconf 84' lang='lat' dir='ltr'><strong>nisi</strong></span> <span class='ocrx_word' id='word_1_70' title='bbox 1366 844 1675 896; x_wconf 71' lang='lat' dir='ltr'><strong>Pharisaeos</strong></span> <span class='ocrx_word' id='word_1_71' title='bbox 1702 859 1761 895; x_wconf 80' lang='lat' dir='ltr'><strong>ex</strong></span> <span class='ocrx_word' id='word_1_72' title='bbox 1788 846 1903 896; x_wconf 89' lang='lat' dir='ltr'><strong>suis</strong></span> <span class='ocrx_word' id='word_1_73' title='bbox 1930 848 2197 914; x_wconf 85' lang='lat' dir='ltr'><strong>principiis</strong></span> 
     </span>
     <span class='ocr_line' id='line_1_10' title="bbox 307 922 2197 990; baseline 0.002 -17"><span class='ocrx_word' id='word_1_74' title='bbox 307 922 609 973; x_wconf 79' lang='lat' dir='ltr'><strong>convincere</strong></span> <span class='ocrx_word' id='word_1_75' title='bbox 628 922 820 984; x_wconf 85' lang='lat' dir='ltr'><strong>voluit,</strong></span> <span class='ocrx_word' id='word_1_76' title='bbox 862 937 966 974; x_wconf 91' lang='lat' dir='ltr'><strong>non</strong></span> <span class='ocrx_word' id='word_1_77' title='bbox 988 930 1162 974; x_wconf 87' lang='lat' dir='ltr'><strong>autem</strong></span> <span class='ocrx_word' id='word_1_78' title='bbox 1184 923 1368 974; x_wconf 86' lang='lat' dir='ltr'><strong>docere</strong></span> <span class='ocrx_word' id='word_1_79' title='bbox 1383 962 1397 985; x_wconf 92' lang='lat'>‚</span> <span class='ocrx_word' id='word_1_80' title='bbox 1436 923 1546 974; x_wconf 86' lang='lat' dir='ltr'><strong>dari</strong></span> <span class='ocrx_word' id='word_1_81' title='bbox 1576 922 1857 972; x_wconf 83' lang='lat' dir='ltr'><strong>daemones</strong></span> <span class='ocrx_word' id='word_1_82' title='bbox 1878 931 1968 974; x_wconf 87' lang='lat' dir='ltr'><strong>aut</strong></span> <span class='ocrx_word' id='word_1_83' title='bbox 1984 922 2197 990; x_wconf 75' lang='lat' dir='ltr'><strong>aliquod</strong></span> 
     </span>
     <span class='ocr_line' id='line_1_11' title="bbox 307 999 2193 1066; baseline 0.002 -16"><span class='ocrx_word' id='word_1_84' title='bbox 307 999 620 1052; x_wconf 77' lang='lat' dir='ltr'><strong>daemonum</strong></span> <span class='ocrx_word' id='word_1_85' title='bbox 641 1013 879 1066; x_wconf 80' lang='lat' dir='ltr'><strong>regnum.</strong></span> <span class='ocrx_word' id='word_1_86' title='bbox 953 999 1039 1050; x_wconf 87' lang='lat' dir='ltr'><strong>Sic</strong></span> <span class='ocrx_word' id='word_1_87' title='bbox 1065 1001 1219 1050; x_wconf 85' lang='lat' dir='ltr'><strong>etiam</strong></span> <span class='ocrx_word' id='word_1_88' title='bbox 1253 1014 1419 1066; x_wconf 86' lang='lat' dir='ltr'><strong>quum</strong></span> <span class='ocrx_word' id='word_1_89' title='bbox 1450 999 1719 1066; x_wconf 81' lang='lat' dir='ltr'><strong>discipulis</strong></span> <span class='ocrx_word' id='word_1_90' title='bbox 1749 999 1873 1049; x_wconf 83' lang='lat' dir='ltr'><strong>dixit</strong></span> <span class='ocrx_word' id='word_1_91' title='bbox 1898 1001 2085 1053; x_wconf 80' lang='lat' dir='ltr'><strong>Matth.</strong></span> <span class='ocrx_word' id='word_1_92' title='bbox 2112 1005 2193 1056; x_wconf 85' lang='lat'><strong>18.</strong></span> 
     </span>
     <span class='ocr_line' id='line_1_12' title="bbox 305 1077 2198 1142; baseline 0.002 -16"><span class='ocrx_word' id='word_1_93' title='bbox 305 1091 355 1127; x_wconf 85' lang='lat' dir='ltr'><strong>v.</strong></span> <span class='ocrx_word' id='word_1_94' title='bbox 381 1078 492 1128; x_wconf 77' lang='lat'>10.:</span> <span class='ocrx_word' id='word_1_95' title='bbox 531 1077 705 1128; x_wconf 77' lang='lat' dir='ltr'><strong>videte</strong></span> <span class='ocrx_word' id='word_1_96' title='bbox 729 1093 796 1128; x_wconf 80' lang='lat' dir='ltr'><strong>ne</strong></span> <span class='ocrx_word' id='word_1_97' title='bbox 823 1079 1168 1128; x_wconf 74' lang='lat' dir='ltr'><strong>contemnatis</strong></span> <span class='ocrx_word' id='word_1_98' title='bbox 1193 1091 1359 1126; x_wconf 67' lang='lat' dir='ltr'><strong>tanum</strong></span> <span class='ocrx_word' id='word_1_99' title='bbox 1392 1092 1463 1126; x_wconf 68' lang='grc' dir='ltr'><strong>σω</strong></span> <span class='ocrx_word' id='word_1_100' title='bbox 1490 1078 1677 1142; x_wconf 74' lang='lat' dir='ltr'><strong>parvis</strong></span> <span class='ocrx_word' id='word_1_101' title='bbox 1710 1078 1861 1140; x_wconf 71' lang='lat' dir='ltr'><strong>istis,-</strong></span> <span class='ocrx_word' id='word_1_102' title='bbox 1898 1077 2017 1128; x_wconf 82' lang='lat' dir='ltr'><strong>dico</strong></span> <span class='ocrx_word' id='word_1_103' title='bbox 2053 1083 2198 1131; x_wconf 80' lang='lat' dir='ltr'><strong>enim</strong></span> 
     </span>
     <span class='ocr_line' id='line_1_13' title="bbox 305 1152 2196 1222; baseline 0.002 -18"><span class='ocrx_word' id='word_1_104' title='bbox 305 1156 454 1204; x_wconf 72' lang='lat' dir='ltr'><strong>vobis</strong></span> <span class='ocrx_word' id='word_1_105' title='bbox 483 1155 702 1218; x_wconf 72' lang='lat' dir='ltr'><strong>angelos</strong></span> <span class='ocrx_word' id='word_1_106' title='bbox 719 1170 904 1205; x_wconf 77' lang='lat' dir='ltr'><strong>eorum</strong></span> <span class='ocrx_word' id='word_1_107' title='bbox 918 1157 976 1204; x_wconf 75' lang='lat' dir='ltr'><strong>in</strong></span> <span class='ocrx_word' id='word_1_108' title='bbox 993 1154 1152 1204; x_wconf 75' lang='lat' dir='ltr'><strong>coelia</strong></span> <span class='ocrx_word' id='word_1_109' title='bbox 1169 1159 1271 1204; x_wconf 81' lang='lat' dir='ltr'><strong>etc.</strong></span> <span class='ocrx_word' id='word_1_110' title='bbox 1285 1190 1302 1217; x_wconf 93' lang='lat'><em>,</em></span> <span class='ocrx_word' id='word_1_111' title='bbox 1344 1153 1471 1204; x_wconf 84' lang='lat' dir='ltr'><strong>nihil</strong></span> <span class='ocrx_word' id='word_1_112' title='bbox 1498 1153 1634 1204; x_wconf 86' lang='lat' dir='ltr'><strong>aliud</strong></span> <span class='ocrx_word' id='word_1_113' title='bbox 1662 1152 1844 1205; x_wconf 81' lang='lat' dir='ltr'><strong>docere</strong></span> <span class='ocrx_word' id='word_1_114' title='bbox 1862 1155 1998 1216; x_wconf 79' lang='lat' dir='ltr'><strong>vult,</strong></span> <span class='ocrx_word' id='word_1_115' title='bbox 2040 1171 2196 1222; x_wconf 82' lang='lat' dir='ltr'><strong>quam</strong></span> 
     </span>
     <span class='ocr_line' id='line_1_14' title="bbox 312 1231 2197 1298; baseline 0.002 -17"><span class='ocrx_word' id='word_1_116' title='bbox 312 1245 379 1281; x_wconf 88' lang='lat' dir='ltr'><strong>ne</strong></span> <span class='ocrx_word' id='word_1_117' title='bbox 397 1231 736 1298; x_wconf 82' lang='lat' dir='ltr'><strong>sint-superbi</strong></span> <span class='ocrx_word' id='word_1_118' title='bbox 755 1239 809 1282; x_wconf 90' lang='lat' dir='ltr'><strong>et</strong></span> <span class='ocrx_word' id='word_1_119' title='bbox 831 1246 895 1283; x_wconf 88' lang='lat' dir='ltr'><strong>ne</strong></span> <span class='ocrx_word' id='word_1_120' title='bbox 916 1231 1144 1296; x_wconf 75' lang='lat' dir='ltr'><strong>aliquem</strong></span> <span class='ocrx_word' id='word_1_121' title='bbox 1163 1235 1529 1292; x_wconf 84' lang='lat' dir='ltr'><strong>contemnant,</strong></span> <span class='ocrx_word' id='word_1_122' title='bbox 1572 1245 1675 1281; x_wconf 91' lang='lat' dir='ltr'><strong>non</strong></span> <span class='ocrx_word' id='word_1_123' title='bbox 1692 1245 1810 1282; x_wconf 81' lang='lat' dir='ltr'><strong>vero</strong></span> <span class='ocrx_word' id='word_1_124' title='bbox 1826 1231 2022 1296; x_wconf 68' lang='lat' dir='ltr'><strong>aliqua,</strong></span> <span class='ocrx_word' id='word_1_125' title='bbox 2062 1248 2197 1298; x_wconf 85' lang='lat' dir='ltr'><strong>quae</strong></span> 
     </span>
     <span class='ocr_line' id='line_1_15' title="bbox 306 1306 2197 1374; baseline 0.003 -17"><span class='ocrx_word' id='word_1_126' title='bbox 306 1309 360 1358; x_wconf 89' lang='lat' dir='ltr'><strong>in</strong></span> <span class='ocrx_word' id='word_1_127' title='bbox 385 1309 554 1373; x_wconf 85' lang='lat' dir='ltr'><strong>ipsius</strong></span> <span class='ocrx_word' id='word_1_128' title='bbox 575 1309 860 1360; x_wconf 81' lang='lat' dir='ltr'><strong>rationibus</strong></span> <span class='ocrx_word' id='word_1_129' title='bbox 875 1347 888 1371; x_wconf 94' lang='lat'>,</span> <span class='ocrx_word' id='word_1_130' title='bbox 929 1322 1062 1374; x_wconf 84' lang='lat' dir='ltr'><strong>quas</strong></span> <span class='ocrx_word' id='word_1_131' title='bbox 1095 1315 1295 1358; x_wconf 81' lang='lat' dir='ltr'><strong>tantum</strong></span> <span class='ocrx_word' id='word_1_132' title='bbox 1316 1306 1483 1357; x_wconf 75' lang='lat' dir='ltr'><strong>adfert</strong></span> <span class='ocrx_word' id='word_1_133' title='bbox 1500 1307 1565 1358; x_wconf 86' lang='lat' dir='ltr'><strong>ad</strong></span> <span class='ocrx_word' id='word_1_134' title='bbox 1585 1321 1695 1358; x_wconf 89' lang='lat' dir='ltr'><strong>rem</strong></span> <span class='ocrx_word' id='word_1_135' title='bbox 1712 1307 1989 1374; x_wconf 77' lang='lat' dir='ltr'><strong>discipulis</strong></span> <span class='ocrx_word' id='word_1_136' title='bbox 2007 1310 2197 1362; x_wconf 87' lang='lat' dir='ltr'><strong>melius</strong></span> 
     </span>
     <span class='ocr_line' id='line_1_16' title="bbox 305 1383 2197 1450; baseline 0.003 -16"><span class='ocrx_word' id='word_1_137' title='bbox 305 1386 751 1450; x_wconf 84' lang='lat' dir='ltr'><strong>persuadendum,</strong></span> <span class='ocrx_word' id='word_1_138' title='bbox 790 1387 1137 1437; x_wconf 77' lang='lat' dir='ltr'><strong>continentur.</strong></span> <span class='ocrx_word' id='word_1_139' title='bbox 1213 1384 1300 1436; x_wconf 86' lang='grc'><strong>57.</strong></span> <span class='ocrx_word' id='word_1_140' title='bbox 1340 1383 1485 1436; x_wconf 85' lang='lat' dir='ltr'><strong>Idem</strong></span> <span class='ocrx_word' id='word_1_141' title='bbox 1506 1384 1731 1449; x_wconf 88' lang='lat' dir='ltr'><strong>denique</strong></span> <span class='ocrx_word' id='word_1_142' title='bbox 1752 1384 1820 1437; x_wconf 87' lang='lat' dir='ltr'><strong>de·</strong></span> <span class='ocrx_word' id='word_1_143' title='bbox 1836 1385 2125 1438; x_wconf 86' lang='lat' dir='ltr'><strong>rationibus</strong></span> <span class='ocrx_word' id='word_1_144' title='bbox 2144 1395 2197 1440; x_wconf 88' lang='lat' dir='ltr'><strong>et</strong></span> 
     </span>
     <span class='ocr_line' id='line_1_17' title="bbox 305 1461 2196 1529; baseline 0.003 -18"><span class='ocrx_word' id='word_1_145' title='bbox 305 1462 473 1527; x_wconf 75' lang='lat' dir='ltr'><strong>signis</strong></span> <span class='ocrx_word' id='word_1_146' title='bbox 494 1463 849 1529; x_wconf 82' lang='lat' dir='ltr'><strong>apestolorum</strong></span> <span class='ocrx_word' id='word_1_147' title='bbox 863 1462 1104 1514; x_wconf 80' lang='lat' dir='ltr'><strong>absolute</strong></span> <span class='ocrx_word' id='word_1_148' title='bbox 1126 1461 1427 1523; x_wconf 84' lang='lat' dir='ltr'><strong>dicendum,</strong></span> <span class='ocrx_word' id='word_1_149' title='bbox 1468 1475 1564 1514; x_wconf 89' lang='lat' dir='ltr'><strong>nec</strong></span> <span class='ocrx_word' id='word_1_150' title='bbox 1582 1461 1647 1512; x_wconf 88' lang='lat' dir='ltr'><strong>de</strong></span> <span class='ocrx_word' id='word_1_151' title='bbox 1664 1461 1748 1513; x_wconf 88' lang='lat' dir='ltr'><strong>his</strong></span> <span class='ocrx_word' id='word_1_152' title='bbox 1766 1475 1903 1529; x_wconf 89' lang='lat' dir='ltr'><strong>opus</strong></span> <span class='ocrx_word' id='word_1_153' title='bbox 1926 1469 2009 1514; x_wconf 82' lang='lat' dir='ltr'><strong>est</strong></span> <span class='ocrx_word' id='word_1_154' title='bbox 2024 1463 2196 1517; x_wconf 77' lang='lat' dir='ltr'><strong>fusius</strong></span> 
     </span>
     <span class='ocr_line' id='line_1_18' title="bbox 306 1537 2193 1607; baseline 0.002 -18"><span class='ocrx_word' id='word_1_155' title='bbox 306 1537 472 1604; x_wconf 88' lang='lat' dir='ltr'><strong>loqui.</strong></span> <span class='ocrx_word' id='word_1_156' title='bbox 545 1541 674 1590; x_wconf 75' lang='lat' dir='ltr'><strong>Nam</strong></span> <span class='ocrx_word' id='word_1_157' title='bbox 701 1542 748 1590; x_wconf 86' lang='lat' dir='ltr'><strong>si</strong></span> <span class='ocrx_word' id='word_1_158' title='bbox 775 1539 903 1591; x_wconf 85' lang='lat' dir='ltr'><strong>mihi</strong></span> <span class='ocrx_word' id='word_1_159' title='bbox 941 1539 1293 1592; x_wconf 84' lang='lat' dir='ltr'><strong>enumeranda</strong></span> <span class='ocrx_word' id='word_1_160' title='bbox 1324 1546 1503 1592; x_wconf 86' lang='lat' dir='ltr'><strong>essent</strong></span> <span class='ocrx_word' id='word_1_161' title='bbox 1532 1539 1705 1590; x_wconf 87' lang='lat' dir='ltr'><strong>omnia</strong></span> <span class='ocrx_word' id='word_1_162' title='bbox 1736 1539 2027 1607; x_wconf 79' lang='lat' dir='ltr'><strong>Scripturae</strong></span> <span class='ocrx_word' id='word_1_163' title='bbox 2062 1540 2193 1603; x_wconf 85' lang='lat' dir='ltr'><strong>loca,</strong></span> 
     </span>
     <span class='ocr_line' id='line_1_19' title="bbox 307 1615 2198 1684; baseline 0.002 -18"><span class='ocrx_word' id='word_1_164' title='bbox 307 1629 442 1680; x_wconf 86' lang='lat' dir='ltr'><strong>quae</strong></span> <span class='ocrx_word' id='word_1_165' title='bbox 462 1623 662 1668; x_wconf 86' lang='lat' dir='ltr'><strong>tantum</strong></span> <span class='ocrx_word' id='word_1_166' title='bbox 681 1617 747 1668; x_wconf 87' lang='lat' dir='ltr'><strong>ad</strong></span> <span class='ocrx_word' id='word_1_167' title='bbox 769 1617 1032 1669; x_wconf 87' lang='lat' dir='ltr'><strong>hominem</strong></span> <span class='ocrx_word' id='word_1_168' title='bbox 1055 1618 1164 1668; x_wconf 83' lang='lat' dir='ltr'><strong>sive</strong></span> <span class='ocrx_word' id='word_1_169' title='bbox 1183 1617 1248 1668; x_wconf 87' lang='lat' dir='ltr'><strong>ad</strong></span> <span class='ocrx_word' id='word_1_170' title='bbox 1269 1623 1481 1684; x_wconf 84' lang='lat' dir='ltr'><strong>captum</strong></span> <span class='ocrx_word' id='word_1_171' title='bbox 1494 1615 1717 1668; x_wconf 76' lang='lat' dir='ltr'><strong>alicui-us</strong></span> <span class='ocrx_word' id='word_1_172' title='bbox 1734 1617 1922 1682; x_wconf 83' lang='lat' dir='ltr'><strong>scripta</strong></span> <span class='ocrx_word' id='word_1_173' title='bbox 1952 1624 2077 1668; x_wconf 75' lang='lat' dir='ltr'><strong>sunt</strong></span> <span class='ocrx_word' id='word_1_174' title='bbox 2090 1655 2105 1680; x_wconf 91' lang='lat'><strong>,</strong></span> <span class='ocrx_word' id='word_1_175' title='bbox 2144 1625 2198 1669; x_wconf 84' lang='lat' dir='ltr'><strong>et</strong></span> 
     </span>
     <span class='ocr_line' id='line_1_20' title="bbox 305 1693 2195 1763; baseline 0.002 -18"><span class='ocrx_word' id='word_1_176' title='bbox 305 1707 438 1760; x_wconf 83' lang='lat' dir='ltr'><strong>quae</strong></span> <span class='ocrx_word' id='word_1_177' title='bbox 467 1709 571 1748; x_wconf 82' lang='lat' dir='ltr'><strong>non</strong></span> <span class='ocrx_word' id='word_1_178' title='bbox 601 1696 717 1746; x_wconf 83' lang='lat' dir='ltr'><strong>sine</strong></span> <span class='ocrx_word' id='word_1_179' title='bbox 759 1709 946 1761; x_wconf 78' lang='lat' dir='ltr'><strong>magno</strong></span> <span class='ocrx_word' id='word_1_180' title='bbox 984 1693 1343 1762; x_wconf 74' lang='lat' dir='ltr'><strong>philosophiae</strong></span> <span class='ocrx_word' id='word_1_181' title='bbox 1378 1694 1693 1763; x_wconf 83' lang='lat' dir='ltr'><strong>praeiudicio</strong></span> <span class='ocrx_word' id='word_1_182' title='bbox 1735 1700 1985 1761; x_wconf 84' lang='lat' dir='ltr'><strong>tanquam</strong></span> <span class='ocrx_word' id='word_1_183' title='bbox 2024 1693 2195 1748; x_wconf 83' lang='lat' dir='ltr'><strong>divina</strong></span> 
     </span>
     <span class='ocr_line' id='line_1_21' title="bbox 237 1771 2192 1837; baseline 0.003 -16"><span class='ocrx_word' id='word_1_184' title='bbox 237 1807 246 1815; x_wconf 92' lang='lat'><strong>.</strong></span> <span class='ocrx_word' id='word_1_185' title='bbox 302 1772 534 1823; x_wconf 85' lang='lat' dir='ltr'><strong>doctrina</strong></span> <span class='ocrx_word' id='word_1_186' title='bbox 557 1772 932 1837; x_wconf 82' lang='lat' dir='ltr'><strong>defenduntur,</strong></span> <span class='ocrx_word' id='word_1_187' title='bbox 973 1786 1000 1822; x_wconf 84' lang='lat' dir='ltr'><strong>a</strong></span> <span class='ocrx_word' id='word_1_188' title='bbox 1023 1772 1295 1834; x_wconf 79' lang='lat' dir='ltr'><strong>brevitate,</strong></span> <span class='ocrx_word' id='word_1_189' title='bbox 1333 1774 1415 1823; x_wconf 89' lang='lat' dir='ltr'><strong>cui</strong></span> <span class='ocrx_word' id='word_1_190' title='bbox 1438 1772 1642 1833; x_wconf 87' lang='lat' dir='ltr'><strong>studeo,</strong></span> <span class='ocrx_word' id='word_1_191' title='bbox 1682 1772 1831 1837; x_wconf 81' lang='lat' dir='ltr'><strong>lenge</strong></span> <span class='ocrx_word' id='word_1_192' title='bbox 1853 1771 2192 1826; x_wconf 83' lang='lat' dir='ltr'><strong>discederem.</strong></span> 
     </span>
     <span class='ocr_line' id='line_1_22' title="bbox 305 1848 2193 1918; baseline 0.002 -19"><span class='ocrx_word' id='word_1_193' title='bbox 305 1848 537 1899; x_wconf 81' lang='lat' dir='ltr'><strong>Sufficiat</strong></span> <span class='ocrx_word' id='word_1_194' title='bbox 563 1850 746 1915; x_wconf 73' lang='lat' dir='ltr'><strong>igitur,</strong></span> <span class='ocrx_word' id='word_1_195' title='bbox 787 1849 1043 1916; x_wconf 85' lang='lat' dir='ltr'><strong>quaedam</strong></span> <span class='ocrx_word' id='word_1_196' title='bbox 1071 1862 1235 1917; x_wconf 86' lang='lat' dir='ltr'><strong>pauca</strong></span> <span class='ocrx_word' id='word_1_197' title='bbox 1265 1856 1319 1899; x_wconf 86' lang='lat' dir='ltr'><strong>et</strong></span> <span class='ocrx_word' id='word_1_198' title='bbox 1353 1849 1657 1901; x_wconf 70' lang='lat' dir='ltr'><strong>universalia</strong></span> <span class='ocrx_word' id='word_1_199' title='bbox 1698 1850 1955 1914; x_wconf 77' lang='lat' dir='ltr'><strong>attigisse,</strong></span> <span class='ocrx_word' id='word_1_200' title='bbox 1996 1851 2193 1918; x_wconf 76' lang='lat' dir='ltr'><strong>reliqua</strong></span> 
     </span>
     <span class='ocr_line' id='line_1_23' title="bbox 305 1926 2188 1994; baseline 0.003 -19"><span class='ocrx_word' id='word_1_201' title='bbox 305 1926 546 1976; x_wconf 86' lang='lat' dir='ltr'><strong>curiosus</strong></span> <span class='ocrx_word' id='word_1_202' title='bbox 569 1926 726 1977; x_wconf 83' lang='lat' dir='ltr'><strong>lector</strong></span> <span class='ocrx_word' id='word_1_203' title='bbox 743 1928 882 1992; x_wconf 80' lang='lat' dir='ltr'><strong>apud</strong></span> <span class='ocrx_word' id='word_1_204' title='bbox 901 1942 960 1978; x_wconf 81' lang='lat' dir='ltr'><strong>se</strong></span> <span class='ocrx_word' id='word_1_205' title='bbox 980 1926 1284 1994; x_wconf 77' lang='lat' dir='ltr'><strong>perpendat.</strong></span> <span class='ocrx_word' id='word_1_206' title='bbox 1358 1928 1447 1977; x_wconf 80' lang='grc'><strong>58.</strong></span> <span class='ocrx_word' id='word_1_207' title='bbox 1485 1926 1681 1977; x_wconf 79' lang='lat' dir='ltr'><strong>Verum</strong></span> <span class='ocrx_word' id='word_1_208' title='bbox 1696 1927 1837 1978; x_wconf 88' lang='lat' dir='ltr'><strong>enim</strong></span> <span class='ocrx_word' id='word_1_209' title='bbox 1859 1942 1977 1979; x_wconf 77' lang='lat' dir='ltr'><strong>vero</strong></span> <span class='ocrx_word' id='word_1_210' title='bbox 1996 1942 2188 1994; x_wconf 80' lang='lat' dir='ltr'><strong>quam-</strong></span> 
     </span>
     <span class='ocr_line' id='line_1_24' title="bbox 303 2002 2189 2072; baseline 0.002 -19"><span class='ocrx_word' id='word_1_211' title='bbox 303 2004 379 2053; x_wconf 81' lang='lat' dir='ltr'><strong>vis</strong></span> <span class='ocrx_word' id='word_1_212' title='bbox 411 2002 538 2053; x_wconf 83' lang='lat' dir='ltr'><strong>haec</strong></span> <span class='ocrx_word' id='word_1_213' title='bbox 564 2010 794 2065; x_wconf 83' lang='lat' dir='ltr'><strong>tantum,</strong></span> <span class='ocrx_word' id='word_1_214' title='bbox 833 2018 966 2070; x_wconf 83' lang='lat' dir='ltr'><strong>quae</strong></span> <span class='ocrx_word' id='word_1_215' title='bbox 996 2004 1074 2055; x_wconf 89' lang='lat' dir='ltr'><strong>de</strong></span> <span class='ocrx_word' id='word_1_216' title='bbox 1110 2002 1453 2069; x_wconf 87' lang='lat' dir='ltr'><strong>prophetis</strong></span> <span class='ocrx_word' id='word_1_217' title='bbox 1492 2010 1555 2053; x_wconf 87' lang='lat' dir='ltr'><strong>et</strong></span> <span class='ocrx_word' id='word_1_218' title='bbox 1588 2003 1930 2072; x_wconf 78' lang='lat' dir='ltr'><strong>prophetia</strong></span> <span class='ocrx_word' id='word_1_219' title='bbox 1966 2007 2189 2071; x_wconf 62' lang='lat' dir='ltr'><strong>eginum,</strong></span> 
     </span>
     <span class='ocr_line' id='line_1_25' title="bbox 303 2079 2191 2148; baseline 0.003 -19"><span class='ocrx_word' id='word_1_220' title='bbox 303 2079 368 2130; x_wconf 87' lang='lat' dir='ltr'><strong>ad</strong></span> <span class='ocrx_word' id='word_1_221' title='bbox 398 2094 645 2146; x_wconf 87' lang='lat' dir='ltr'><strong>scopum,-</strong></span> <span class='ocrx_word' id='word_1_222' title='bbox 683 2082 749 2132; x_wconf 86' lang='lat' dir='ltr'><strong>ad</strong></span> <span class='ocrx_word' id='word_1_223' title='bbox 781 2096 936 2147; x_wconf 88' lang='lat' dir='ltr'><strong>quem</strong></span> <span class='ocrx_word' id='word_1_224' title='bbox 964 2080 1203 2141; x_wconf 81' lang='lat' dir='ltr'><strong>intendo,</strong></span> <span class='ocrx_word' id='word_1_225' title='bbox 1245 2080 1517 2145; x_wconf 72' lang='lat' dir='ltr'><strong>praecipue</strong></span> <span class='ocrx_word' id='word_1_226' title='bbox 1549 2081 1863 2145; x_wconf 86' lang='lat' dir='ltr'><strong>pertineant,</strong></span> <span class='ocrx_word' id='word_1_227' title='bbox 1900 2096 2089 2148; x_wconf 80' lang='lat' dir='ltr'><strong>nempe</strong></span> <span class='ocrx_word' id='word_1_228' title='bbox 2127 2083 2191 2134; x_wconf 87' lang='lat' dir='ltr'><strong>ad</strong></span> 
     </span>
     <span class='ocr_line' id='line_1_26' title="bbox 305 2156 2193 2226; baseline 0.002 -19"><span class='ocrx_word' id='word_1_229' title='bbox 305 2158 656 2223; x_wconf 76' lang='lat' dir='ltr'><strong>separandam·</strong></span> <span class='ocrx_word' id='word_1_230' title='bbox 667 2158 1045 2226; x_wconf 85' lang='lat' dir='ltr'><strong>philosophiam</strong></span> <span class='ocrx_word' id='word_1_231' title='bbox 1065 2173 1096 2209; x_wconf 86' lang='lat' dir='ltr'><strong>a</strong></span> <span class='ocrx_word' id='word_1_232' title='bbox 1115 2156 1369 2223; x_wconf 79' lang='lat' dir='ltr'><strong>theologia</strong></span> <span class='ocrx_word' id='word_1_233' title='bbox 1384 2196 1399 2217; x_wconf 87' lang='lat'>,</span> <span class='ocrx_word' id='word_1_234' title='bbox 1440 2163 1663 2209; x_wconf 85' lang='lat' dir='ltr'><strong>attamen</strong></span> <span class='ocrx_word' id='word_1_235' title='bbox 1677 2195 1693 2217; x_wconf 86' lang='lat'>,</span> <span class='ocrx_word' id='word_1_236' title='bbox 1729 2159 1854 2223; x_wconf 81' lang='lat' dir='ltr'><strong>qnia</strong></span> <span class='ocrx_word' id='word_1_237' title='bbox 1880 2159 2010 2211; x_wconf 85' lang='lat' dir='ltr'><strong>hanc</strong></span> <span class='ocrx_word' id='word_1_238' title='bbox 2030 2175 2193 2226; x_wconf 85' lang='lat' dir='ltr'><strong>quae-</strong></span> 
     </span>
     <span class='ocr_line' id='line_1_27' title="bbox 303 2233 2189 2301; baseline 0.003 -16"><span class='ocrx_word' id='word_1_239' title='bbox 303 2235 522 2287; x_wconf 81' lang='lat' dir='ltr'><strong>stionem</strong></span> <span class='ocrx_word' id='word_1_240' title='bbox 545 2236 900 2288; x_wconf 79' lang='lat' dir='ltr'><strong>universaliter</strong></span> <span class='ocrx_word' id='word_1_241' title='bbox 917 2236 1080 2301; x_wconf 78' lang='lat' dir='ltr'><strong>attigi,</strong></span> <span class='ocrx_word' id='word_1_242' title='bbox 1118 2233 1262 2285; x_wconf 86' lang='lat' dir='ltr'><strong>lubet</strong></span> <span class='ocrx_word' id='word_1_243' title='bbox 1280 2234 1449 2286; x_wconf 87' lang='lat' dir='ltr'><strong>adhuc</strong></span> <span class='ocrx_word' id='word_1_244' title='bbox 1468 2235 1742 2300; x_wconf 82' lang='lat' dir='ltr'><strong>inquirere,</strong></span> <span class='ocrx_word' id='word_1_245' title='bbox 1784 2250 1818 2285; x_wconf 93' lang='lat' dir='ltr'><strong>n</strong></span> <span class='ocrx_word' id='word_1_246' title='bbox 1832 2250 1932 2286; x_wconf 87' lang='lat' dir='ltr'><strong>um</strong></span> <span class='ocrx_word' id='word_1_247' title='bbox 1958 2236 2079 2288; x_wconf 83' lang='lat' dir='ltr'><strong>don</strong></span> <span class='ocrx_word' id='word_1_248' title='bbox 2092 2253 2127 2288; x_wconf 99' lang='lat' dir='ltr'><strong>u</strong></span> <span class='ocrx_word' id='word_1_249' title='bbox 2141 2254 2189 2291; x_wconf 85' lang='lat' dir='ltr'><strong>m</strong></span> 
     </span>
     <span class='ocr_line' id='line_1_28' title="bbox 303 2311 2191 2378; baseline 0.003 -17"><span class='ocrx_word' id='word_1_250' title='bbox 303 2312 746 2378; x_wconf 83' lang='lat' dir='ltr'><strong>propheticum</strong></span> <span class='ocrx_word' id='word_1_251' title='bbox 789 2312 1108 2365; x_wconf 82' lang='lat' dir='ltr'><strong>Hebraeis</strong></span> <span class='ocrx_word' id='word_1_252' title='bbox 1153 2318 1397 2363; x_wconf 87' lang='lat' dir='ltr'><strong>tantum</strong></span> <span class='ocrx_word' id='word_1_253' title='bbox 1446 2311 1777 2378; x_wconf 87' lang='lat' dir='ltr'><strong>peculiare</strong></span> <span class='ocrx_word' id='word_1_254' title='bbox 1828 2311 2031 2365; x_wconf 84' lang='lat' dir='ltr'><strong>fuerit</strong></span> <span class='ocrx_word' id='word_1_255' title='bbox 2052 2354 2065 2376; x_wconf 92' lang='lat'>‚</span> <span class='ocrx_word' id='word_1_256' title='bbox 2116 2330 2191 2367; x_wconf 88' lang='lat' dir='ltr'><strong>an</strong></span> 
     </span>
     <span class='ocr_line' id='line_1_29' title="bbox 303 2388 2190 2459; baseline 0.004 -21"><span class='ocrx_word' id='word_1_257' title='bbox 303 2403 442 2439; x_wconf 80' lang='lat' dir='ltr'><strong>vero</strong></span> <span class='ocrx_word' id='word_1_258' title='bbox 479 2388 777 2441; x_wconf 87' lang='lat' dir='ltr'><strong>omnibus</strong></span> <span class='ocrx_word' id='word_1_259' title='bbox 814 2388 1201 2441; x_wconf 81' lang='lat' dir='ltr'><strong>nationibus</strong></span> <span class='ocrx_word' id='word_1_260' title='bbox 1238 2403 1595 2450; x_wconf 84' lang='lat' dir='ltr'><strong>commune;</strong></span> <span class='ocrx_word' id='word_1_261' title='bbox 1635 2396 1743 2441; x_wconf 84' lang='lat' dir='ltr'><strong>tum</strong></span> <span class='ocrx_word' id='word_1_262' title='bbox 1776 2391 1931 2443; x_wconf 86' lang='lat' dir='ltr'><strong>etiam</strong></span> <span class='ocrx_word' id='word_1_263' title='bbox 1960 2392 2090 2459; x_wconf 80' lang='lat' dir='ltr'><strong>quid</strong></span> <span class='ocrx_word' id='word_1_264' title='bbox 2116 2393 2190 2446; x_wconf 89' lang='lat' dir='ltr'><strong>de</strong></span> 
     </span>
     <span class='ocr_line' id='line_1_30' title="bbox 302 2466 2191 2537; baseline 0.003 -21"><span class='ocrx_word' id='word_1_265' title='bbox 302 2468 636 2519; x_wconf 85' lang='lat' dir='ltr'><strong>vocatione</strong></span> <span class='ocrx_word' id='word_1_266' title='bbox 671 2466 1116 2519; x_wconf 80' lang='lat' dir='ltr'><strong>Hebraeorum</strong></span> <span class='ocrx_word' id='word_1_267' title='bbox 1151 2466 1508 2528; x_wconf 79' lang='lat' dir='ltr'><strong>statuendum,</strong></span> <span class='ocrx_word' id='word_1_268' title='bbox 1550 2466 1614 2519; x_wconf 87' lang='lat' dir='ltr'><strong>de</strong></span> <span class='ocrx_word' id='word_1_269' title='bbox 1651 2466 1845 2533; x_wconf 88' lang='lat' dir='ltr'><strong>quibus</strong></span> <span class='ocrx_word' id='word_1_270' title='bbox 1878 2470 1999 2522; x_wconf 71' lang='lat' dir='ltr'><strong>vide</strong></span> <span class='ocrx_word' id='word_1_271' title='bbox 2036 2479 2191 2537; x_wconf 86' lang='lat' dir='ltr'><strong>caput</strong></span> 
     </span>
     <span class='ocr_line' id='line_1_31' title="bbox 301 2556 551 2607; baseline 0 -14"><span class='ocrx_word' id='word_1_272' title='bbox 301 2556 551 2607; x_wconf 84' lang='lat' dir='ltr'><strong>sequens.</strong></span> 
     </span>
    </p>
   </div>
   <div class='ocr_carea' id='block_1_3' title="bbox 347 2695 2142 2875">
    <p class='ocr_par' dir='ltr' id='par_1_3' title="bbox 347 2695 2142 2875">
     <span class='ocr_line' id='line_1_32' title="bbox 347 2695 2142 2776; baseline 0.002 -18"><span class='ocrx_word' id='word_1_273' title='bbox 347 2695 528 2759; x_wconf 77' lang='lat' dir='ltr'><strong>OAP.</strong></span> <span class='ocrx_word' id='word_1_274' title='bbox 565 2697 663 2761; x_wconf 79' lang='grc' dir='ltr'><strong>ΙΙΙ,</strong></span> <span class='ocrx_word' id='word_1_275' title='bbox 752 2699 850 2760; x_wconf 87' lang='lat' dir='ltr'><strong>De</strong></span> <span class='ocrx_word' id='word_1_276' title='bbox 884 2698 1292 2761; x_wconf 83' lang='lat' dir='ltr'><strong>Hebraeorum</strong></span> <span class='ocrx_word' id='word_1_277' title='bbox 1331 2702 1667 2776; x_wconf 84' lang='lat' dir='ltr'><strong>vocatione3</strong></span> <span class='ocrx_word' id='word_1_278' title='bbox 1720 2708 1781 2763; x_wconf 90' lang='lat' dir='ltr'><strong>et</strong></span> <span class='ocrx_word' id='word_1_279' title='bbox 1816 2724 1889 2763; x_wconf 85' lang='lat' dir='ltr'><strong>an</strong></span> <span class='ocrx_word' id='word_1_280' title='bbox 1924 2704 2142 2764; x_wconf 88' lang='lat' dir='ltr'><strong>donum</strong></span> 
     </span>
     <span class='ocr_line' id='line_1_33' title="bbox 593 2792 1903 2875; baseline 0.004 -24"><span class='ocrx_word' id='word_1_281' title='bbox 593 2792 1001 2873; x_wconf 86' lang='lat' dir='ltr'><strong>propheticum</strong></span> <span class='ocrx_word' id='word_1_282' title='bbox 1041 2793 1336 2855; x_wconf 84' lang='lat' dir='ltr'><strong>Hebraeis</strong></span> <span class='ocrx_word' id='word_1_283' title='bbox 1371 2794 1675 2875; x_wconf 84' lang='lat' dir='ltr'><strong>peculiare</strong></span> <span class='ocrx_word' id='word_1_284' title='bbox 1713 2796 1903 2858; x_wconf 85' lang='lat' dir='ltr'><strong>fuerit.</strong></span> 
     </span>
    </p>
   </div>
   <div class='ocr_carea' id='block_1_4' title="bbox 303 2928 2183 3153">
    <p class='ocr_par' dir='ltr' id='par_1_4' title="bbox 303 2928 2183 3153">
     <span class='ocr_line' id='line_1_34' title="bbox 403 2928 2183 2999; baseline 0.002 -19"><span class='ocrx_word' id='word_1_285' title='bbox 403 2930 534 2981; x_wconf 78' lang='lat' dir='ltr'><strong>Vera</strong></span> <span class='ocrx_word' id='word_1_286' title='bbox 563 2928 784 2981; x_wconf 75' lang='lat' dir='ltr'><strong>fdicitas</strong></span> <span class='ocrx_word' id='word_1_287' title='bbox 795 2937 850 2981; x_wconf 78' lang='lat' dir='ltr'><strong>et</strong></span> <span class='ocrx_word' id='word_1_288' title='bbox 867 2929 1132 2983; x_wconf 73' lang='lat' dir='ltr'><strong>beatitudo</strong></span> <span class='ocrx_word' id='word_1_289' title='bbox 1151 2931 1571 2999; x_wconf 84' lang='lat' dir='ltr'><strong>uniuscuiusque</strong></span> <span class='ocrx_word' id='word_1_290' title='bbox 1588 2933 1642 2984; x_wconf 92' lang='lat' dir='ltr'><strong>in</strong></span> <span class='ocrx_word' id='word_1_291' title='bbox 1668 2933 1779 2985; x_wconf 84' lang='lat' dir='ltr'><strong>sela</strong></span> <span class='ocrx_word' id='word_1_292' title='bbox 1796 2931 1923 2983; x_wconf 80' lang='lat' dir='ltr'><strong>boni</strong></span> <span class='ocrx_word' id='word_1_293' title='bbox 1941 2931 2183 2984; x_wconf 72' lang='lat' dir='ltr'><strong>fruitione</strong></span> 
     </span>
     <span class='ocr_line' id='line_1_35' title="bbox 303 3006 2181 3075; baseline 0 -17"><span class='ocrx_word' id='word_1_294' title='bbox 303 3007 563 3069; x_wconf 81' lang='lat' dir='ltr'><strong>consistit,</strong></span> <span class='ocrx_word' id='word_1_295' title='bbox 602 3020 706 3059; x_wconf 80' lang='lat' dir='ltr'><strong>non</strong></span> <span class='ocrx_word' id='word_1_296' title='bbox 737 3020 856 3060; x_wconf 81' lang='lat' dir='ltr'><strong>vero</strong></span> <span class='ocrx_word' id='word_1_297' title='bbox 881 3008 948 3059; x_wconf 88' lang='lat' dir='ltr'><strong>in.</strong></span> <span class='ocrx_word' id='word_1_298' title='bbox 965 3022 1028 3060; x_wconf 84' lang='lat' dir='ltr'><strong>ea</strong></span> <span class='ocrx_word' id='word_1_299' title='bbox 1055 3006 1242 3073; x_wconf 78' lang='lat' dir='ltr'><strong>gloria,</strong></span> <span class='ocrx_word' id='word_1_300' title='bbox 1276 3008 1420 3073; x_wconf 77' lang='lat' dir='ltr'><strong>quod</strong></span> <span class='ocrx_word' id='word_1_301' title='bbox 1446 3009 1592 3061; x_wconf 84' lang='lat' dir='ltr'><strong>solus</strong></span> <span class='ocrx_word' id='word_1_302' title='bbox 1620 3009 1846 3071; x_wconf 82' lang='lat' dir='ltr'><strong>scilicet,</strong></span> <span class='ocrx_word' id='word_1_303' title='bbox 1884 3016 1934 3061; x_wconf 87' lang='lat' dir='ltr'><strong>et</strong></span> <span class='ocrx_word' id='word_1_304' title='bbox 1969 3008 2181 3075; x_wconf 82' lang='lat' dir='ltr'><strong>reliquis</strong></span> 
     </span>
     <span class='ocr_line' id='line_1_36' title="bbox 304 3082 2178 3153; baseline -0.002 -16"><span class='ocrx_word' id='word_1_305' title='bbox 304 3082 544 3148; x_wconf 80' lang='lat' dir='ltr'><strong>exclusis,-</strong></span> <span class='ocrx_word' id='word_1_306' title='bbox 556 3083 704 3137; x_wconf 80' lang='lat' dir='ltr'><strong>-bono</strong></span> <span class='ocrx_word' id='word_1_307' title='bbox 715 3084 935 3137; x_wconf 65' lang='lat' dir='ltr'><strong>truatur.</strong></span> <span class='ocrx_word' id='word_1_308' title='bbox 977 3085 1088 3147; x_wconf 79' lang='lat' dir='ltr'><strong>Qui</strong></span> <span class='ocrx_word' id='word_1_309' title='bbox 1103 3086 1242 3137; x_wconf 77' lang='lat' dir='ltr'><strong>enim</strong></span> <span class='ocrx_word' id='word_1_310' title='bbox 1263 3100 1321 3139; x_wconf 89' lang='lat' dir='ltr'><strong>se</strong></span> <span class='ocrx_word' id='word_1_311' title='bbox 1339 3094 1607 3153; x_wconf 85' lang='lat' dir='ltr'><strong>propterea</strong></span> <span class='ocrx_word' id='word_1_312' title='bbox 1627 3085 1905 3137; x_wconf 84' lang='lat' dir='ltr'><strong>beatiorem</strong></span> <span class='ocrx_word' id='word_1_313' title='bbox 1922 3087 2178 3145; x_wconf 71' lang='lat' dir='ltr'><strong>aestimat,</strong></span> 
     </span>
    </p>
   </div>
  </div>
 </body>
</html>
