2548 3485
1073 179 1209 224 car.
1264 178 1350 224 lv,
2068 167 2150 233 65

263 355 332 409 ab
352 354 470 423 ipso
487 355 625 419 Deo,
649 360 906 423 quatenus
926 356 980 407 iu
1000 362 1174 407 nostra
1197 362 1369 407 mente
1389 355 1585 418 existit,
1618 354 1769 407 nobis
1788 352 2155 422 praescribun-

267 441 369 497 tur,
394 442 548 499 atque
567 433 696 484 adeo
715 434 844 483 ratio
863 433 1083 496 vivendi,
1107 446 1239 499 quae
1259 432 1569 485 hunc'finem
1590 439 1804 500 spectat,
1826 432 1922 484 lex
1943 432 2113 484 divin
2126 446 2154 483 a

267 512 468 578 optime
489 517 716 561 vocatur.
791 512 1057 574 Quaenam
1089 518 1260 561 autem
1296 510 1419 561 haec
1446 510 1615 562 media
1643 512 1777 572 sint,
1814 517 1866 561 et
1900 523 2153 576 quaenam

267 590 398 639 ratio
417 587 634 651 vivendi,
671 601 830 653 quam
852 588 936 640 hic
954 587 1073 639 finis
1093 588 1260 653 exigit,
1300 594 1352 638 et
1370 587 1629 655 quomodo
1649 587 1789 637 hunc
1806 588 2031 653 optimae
2050 587 2154 637 rei-

257 663 507 731 publicae
550 664 882 717 i'undamenta
922 671 1206 731 sequantur
1243 672 1296 715 et
1330 668 1457 717 ratio
1491 664 1691 717 vivendi
1730 666 1863 715 inter
1897 663 2152 723 hominm,

267 742 334 791 ad
363 741 704 793 universalem
735 742 952 795 ethicam
975 744 1216 809 pertinet.
1290 744 1389 793 Hic
1421 758 1523 794 non
1553 743 1656 793 nisi
1692 742 1756 793 de
1783 742 1893 807 lege
1913 741 2079 792 divina
2100 741 2155 790 in

269 832 455 885 genere
472 832 680 885 pergam
703 832 868 885 agere.

375 898 460 947 14.
499 896 676 959 Quum
713 897 888 961 itaque
924 911 1098 948 amor
1131 898 1245 949 Dei
1285 912 1521 948 summa
1558 896 1834 949 hominis
1871 894 2157 947 felicitas

269 974 360 1024 sit
395 980 456 1023 et
493 970 836 1024 beatitudo
873 981 932 1025 et
975 974 1135 1025 finis
1183 975 1452 1026 ultimus
1497 980 1557 1025 et
1598 988 1833 1041 scopus
1878 976 2155 1024 omnium

269 1050 541 1101 humana
555 1064 622 1101 ru
636 1066 690 1101 m
725 1065 752 1099 a
767 1052 848 1102 eti
862 1066 1072 1111 onum3
1114 1052 1351 1117 sequitur
1378 1064 1497 1104 eum
1517 1057 1717 1103 tantum
1740 1052 1903 1119 legem
1934 1051 2157 1102 divinam

271 1128 440 1192 sequi,
477 1127 567 1193 qui
591 1128 760 1178 Deum
779 1141 952 1179 amare
971 1136 1132 1190 curat,
1165 1142 1266 1178 non
1288 1144 1346 1180 ex
1365 1130 1549 1180 timore
1567 1130 1829 1196 supplicii,
1851 1142 2021 1194 neque
2036 1140 2159 1193 prae

271 1218 446 1255 amore
465 1203 678 1256 alterius
697 1204 769 1255 rei
783 1242 797 1267 ‚
821 1212 881 1255 ut
899 1205 1197 1257 deliciarum
1213 1244 1226 1266 ‚
1249 1206 1415 1257 famae
1433 1214 1532 1257 ete.
1549 1245 1563 1267 ‚
1586 1208 1679 1257 sed
1698 1220 1755 1257 ex
1776 1220 1836 1257 eo
1854 1205 1992 1267 solo,
2018 1203 2159 1269 quod

270 1282 440 1333 Deum
463 1282 622 1342 novit,
645 1283 752 1332 sive
769 1282 910 1347 quod
934 1284 1090 1343 novit,
1111 1284 1208 1332 Dei
1227 1284 1572 1347 cognitionem
1586 1291 1637 1335 et
1650 1298 1875 1339 amorem
1890 1295 2155 1334 summum

273 1368 391 1409 esse
411 1358 629 1409 bonum.
707 1358 790 1409 15.
828 1361 982 1425 Legis
1009 1361 1165 1425 igitur
1193 1358 1393 1411 divinae
1422 1374 1627 1411 summa
1658 1362 1875 1426 eiusque
1892 1368 2158 1412 summum

273 1442 602 1501 praeceptum
635 1442 742 1498 est,
781 1438 973 1487 Deum
1006 1444 1074 1487 ut
1101 1450 1236 1487 sum
1254 1452 1415 1487 mum
1444 1436 1673 1488 bonum
1704 1452 1940 1499 amare,
1974 1450 2159 1501 nempe

273 1520 334 1563 ut
351 1512 454 1563 iam
477 1511 700 1563 diximus
716 1553 730 1575 ,
753 1527 854 1564 non
875 1528 932 1564 ex
953 1520 1092 1565 metu
1113 1514 1333 1565 alicuius
1352 1514 1591 1581 supplicii
1612 1522 1661 1564 et
1680 1528 1876 1581 poenae
1892 1554 1904 1576 ,
1926 1528 2019 1565 nec
2040 1526 2160 1579 prae

273 1604 450 1641 amore
485 1590 698 1641 alterius
737 1590 809 1641 rei
823 1628 837 1653 ,
881 1604 981 1656 qua
1023 1590 1262 1642 delectari
1301 1593 1569 1657 cupimus;
1610 1592 1705 1643 lioc
1740 1594 1879 1643 enim
1914 1590 2029 1641 idea
2066 1590 2161 1640 Dei

272 1666 448 1728 dictat,
471 1667 640 1719 Deum
661 1682 927 1720 summum
945 1682 1063 1719 esse
1081 1676 1318 1720 nostrum
1338 1668 1554 1731 bonum,
1577 1670 1685 1721 sive
1702 1670 1799 1738 Dei
1816 1668 2159 1733 coguitionem

273 1753 326 1796 et
351 1759 579 1796 amorem
609 1742 762 1797 finem
793 1760 908 1797 esse
927 1744 1197 1812 ultimum,
1237 1747 1301 1798 ad
1324 1762 1479 1812 quem
1510 1761 1691 1800 omnes
1712 1749 1937 1799 actiones
1955 1754 2161 1796 nostrae

273 1828 400 1874 sunt
425 1822 742 1886 dirigendae.
818 1823 903 1874 16.
941 1824 1114 1874 Homo
1144 1831 1315 1874 tamen
1344 1824 1563 1875 earnalis
1594 1824 1717 1876 haee
1746 1823 2029 1888 intelligere
2056 1831 2164 1873 -ne-

272 1901 419 1964 quit,
459 1904 513 1950 et
539 1900 636 1964 ipsi
668 1913 792 1951 vana
816 1899 1084 1961 videntur,
1123 1902 1248 1967 qnia
1269 1902 1429 1952 nimis
1446 1903 1671 1953 ieiunam
1692 1902 1786 1952 Dei
1808 1901 1959 1952 habet
1977 1901 2161 1966 cogni-

273 1979 470 2028 tionem
486 2015 500 2038 ,
539 1984 591 2027 et
607 1977 761 2028 etiam
783 1977 900 2040 quia
920 1977 972 2026 in
994 1977 1090 2029 hoc
1109 1993 1319 2029 summo
1337 1977 1475 2029 bono
1496 1979 1625 2028 nibil
1646 1980 1835 2044 reperit
1850 2019 1863 2040 ,
1887 1975 2027 2044 quod
2048 1976 2164 2043 pal-

273 2060 364 2120 pet
379 2093 394 2114 ‚
429 2053 691 2116 comedat,
724 2060 816 2104 aut
831 2052 1055 2119 denique
1075 2055 1216 2122 quod
1237 2069 1470 2117 carnem,
1505 2067 1606 2121 qua
1628 2057 1843 2106 maxime
1862 2055 2160 2115 delectatur,

274 2131 482 2192 afficiat,
523 2137 720 2197 utpote,
763 2131 903 2196 quod
923 2132 975 2182 in
995 2132 1106 2182 sola
1125 2131 1479 2200 speculatione
1499 2140 1549 2182 et
1571 2147 1697 2198 pura
1718 2139 1889 2183 mente
1908 2131 2161 2182 consistit.

271 2209 348 2259 At
365 2209 420 2270 ii,
462 2209 554 2272 qui
582 2215 771 2260 norunt
791 2223 850 2259 se
869 2206 998 2260 nihil
1019 2209 1281 2260 intellectu
1301 2217 1351 2260 et
1370 2223 1493 2260 sana
1516 2216 1687 2260 mente
1706 2209 2051 2274 praestantius
2070 2206 2165 2256 lia-

275 2283 416 2346 bere,
460 2285 717 2336 haeceine
739 2283 918 2346 dubio,
949 2285 1268 2338 solidissima
1289 2285 1613 2337 iudicabunt.
1688 2285 1771 2338 17.
1807 2285 2163 2350 Explicuimus

270 2363 484 2426 itaque,
527 2363 580 2412 in
613 2377 716 2428 quo
746 2363 1076 2428 potissimum
1107 2363 1183 2414 lex
1211 2363 1382 2414 divina
1410 2364 1674 2424 consistit,
1716 2371 2037 2428 ecquaenam
2061 2362 2167 2411 sint

274 2438 418 2504 leges
439 2438 715 2501 humanae,
739 2453 924 2506 nempe
945 2453 1126 2490 omnes
1145 2439 1260 2491 illae
1276 2480 1291 2502 ‚
1314 2455 1445 2506 quae
1466 2440 1625 2491 alium
1644 2453 1861 2506 scopum
1882 2438 2159 2501 collimant,

273 2518 378 2568 nisi
401 2531 462 2568 ex
479 2517 790 2570 revelatione
809 2517 1034 2568 sancitae
1055 2515 1266 2568 fuerint.
1320 2519 1449 2568 Nam
1472 2517 1567 2569 hae
1584 2519 1737 2569 etiam
1760 2516 2165 2568 consideratione

273 2608 366 2645 res
381 2594 447 2645 ad
465 2597 634 2646 Deum
665 2594 961 2647 referuntur
988 2594 1252 2661 (utsupra
1273 2593 1655 2664 ostendimus).
1698 2603 1749 2646 et
1776 2595 1873 2645 hoc
1901 2607 2059 2644 sensu
2088 2593 2166 2643 lex

274 2672 474 2732 Musis,
508 2671 747 2736 quamvis
769 2686 870 2722 non
893 2671 1221 2734 universalis,
1255 2671 1347 2722 sed
1369 2673 1586 2722 maxime
1604 2671 1669 2722 ad
1690 2673 1955 2738 ingenium
1976 2677 2025 2721 et
2046 2671 2165 2720 sin·-

275 2748 509 2814 gularem
529 2750 968 2800 conservationem
989 2748 1149 2800 unius
1169 2748 1346 2816 populi
1369 2741 1751 2799 accommodata
1780 2749 1933 2800 fuerit
1946 2785 1961 2810 ,
1998 2747 2165 2797 vocari

275 2834 451 2878 tamen
492 2833 664 2891 potest
697 2825 780 2876 lex
813 2826 909 2876 Dei
945 2825 1052 2877 sive
1088 2823 1168 2876 lex
1195 2824 1394 2881 divina:
1436 2823 1857 2892 quandoquidem
1884 2823 2161 2886 credimus,

275 2919 392 2956 eam
423 2902 624 2955 lumine
651 2902 950 2970 prophetico
978 2901 1226 2954 sancitam
1255 2901 1441 2954 fuisse.
1516 2903 1601 2955 18.
1640 2904 1697 2954 si
1724 2903 1825 2953 iam
1847 2902 1911 2953 ad
1930 2907 2165 2952 naturam

277 2980 412 3046 legis
442 2979 642 3032 divinae
677 2979 953 3041 naturaliS,
992 2985 1051 3030 nt
1081 2993 1194 3030 eam
1227 2979 1383 3031 modo
1410 2979 1775 3046 explicuimuS,
1816 2977 2161 3038 attendamus,

277 3057 576 3110 videbimus
628 3057 672 3108 1.
721 3072 854 3108 eam·
881 3070 996 3109 esse
1040 3056 1381 3108 universalem
1430 3058 1535 3107 sive
1580 3055 1823 3107 omnibus
1868 3052 2165 3104 hominibus

279 3149 642 3195 communem3
681 3149 792 3186 eam
825 3135 963 3184 enim
995 3147 1053 3185 ex
1079 3133 1357 3185 universali
1387 3133 1610 3184 humana
1638 3139 1817 3182 natura
1838 3128 2162 3182 deduximnS.

352 3220 583 3288 Spinoza
618 3221 712 3272 ΠΙ.
1712 3217 1741 3264 5
