<?xml version="1.0" encoding="UTF-8"?>
<!DOCTYPE html PUBLIC "-//W3C//DTD XHTML 1.0 Transitional//EN"
    "http://www.w3.org/TR/xhtml1/DTD/xhtml1-transitional.dtd">
<html xmlns="http://www.w3.org/1999/xhtml" xml:lang="en" lang="en">
 <head>
  <title>
</title>
<meta http-equiv="Content-Type" content="text/html;charset=utf-8" />
  <meta name='ocr-system' content='tesseract 3.04.00' />
  <meta name='ocr-capabilities' content='ocr_page ocr_carea ocr_par ocr_line ocrx_word'/>
</head>
<body>
  <div class='ocr_page' id='page_1' title='image "benedictidespin05brudgoog_0345.png"; bbox 0 0 2548 3485; ppageno 0'>
   <div class='ocr_carea' id='block_1_1' title="bbox 1072 196 2142 257">
    <p class='ocr_par' dir='ltr' id='par_1_1' title="bbox 1072 196 2142 257">
     <span class='ocr_line' id='line_1_1' title="bbox 1072 196 2142 257; baseline 0.009 -10"><span class='ocrx_word' id='word_1_1' title='bbox 1072 201 1209 249; x_wconf 75' lang='lat' dir='ltr'><strong>car».</strong></span> <span class='ocrx_word' id='word_1_2' title='bbox 1246 202 1311 248; x_wconf 87' lang='lat' dir='ltr'><strong>x.</strong></span> <span class='ocrx_word' id='word_1_3' title='bbox 1621 205 1630 208; x_wconf 86' lang='lat'><strong>·</strong></span> <span class='ocrx_word' id='word_1_4' title='bbox 1675 204 1685 208; x_wconf 63' lang='grc'><em>’</em></span> <span class='ocrx_word' id='word_1_5' title='bbox 2026 196 2142 257; x_wconf 81' lang='lat'><strong>321</strong></span> 
     </span>
    </p>
   </div>
   <div class='ocr_carea' id='block_1_2' title="bbox 256 376 2154 524">
    <p class='ocr_par' dir='ltr' id='par_1_2' title="bbox 256 376 2154 524">
     <span class='ocr_line' id='line_1_2' title="bbox 256 376 2154 446; baseline -0.002 -13"><span class='ocrx_word' id='word_1_6' title='bbox 256 381 563 433; x_wconf 71' lang='lat' dir='ltr'><strong>relationem</strong></span> <span class='ocrx_word' id='word_1_7' title='bbox 592 378 749 431; x_wconf 87' lang='lat' dir='ltr'><strong>nnius</strong></span> <span class='ocrx_word' id='word_1_8' title='bbox 778 377 1034 430; x_wconf 74' lang='lat' dir='ltr'><strong>individui</strong></span> <span class='ocrx_word' id='word_1_9' title='bbox 1054 378 1119 430; x_wconf 83' lang='lat' dir='ltr'><strong>ad</strong></span> <span class='ocrx_word' id='word_1_10' title='bbox 1138 377 1308 442; x_wconf 85' lang='lat' dir='ltr'><strong>aliud,</strong></span> <span class='ocrx_word' id='word_1_11' title='bbox 1347 379 1439 431; x_wconf 90' lang='lat' dir='ltr'><strong>sed</strong></span> <span class='ocrx_word' id='word_1_12' title='bbox 1458 378 1570 431; x_wconf 86' lang='lat' dir='ltr'><strong>ioca</strong></span> <span class='ocrx_word' id='word_1_13' title='bbox 1589 377 1704 430; x_wconf 85' lang='lat' dir='ltr'><strong>aliis</strong></span> <span class='ocrx_word' id='word_1_14' title='bbox 1722 376 2025 432; x_wconf 85' lang='lat' dir='ltr'><strong>intermedia</strong></span> <span class='ocrx_word' id='word_1_15' title='bbox 2044 381 2154 446; x_wconf 86' lang='lat' dir='ltr'><strong>sig-</strong></span> 
     </span>
     <span class='ocr_line' id='line_1_3' title="bbox 258 455 2153 524; baseline -0.002 -14"><span class='ocrx_word' id='word_1_16' title='bbox 258 457 437 510; x_wconf 78' lang='lat' dir='ltr'><strong>nificat</strong></span> <span class='ocrx_word' id='word_1_17' title='bbox 456 455 585 524; x_wconf 80' lang='lat' dir='ltr'><strong>(qua</strong></span> <span class='ocrx_word' id='word_1_18' title='bbox 604 455 670 508; x_wconf 86' lang='lat' dir='ltr'><strong>dc</strong></span> <span class='ocrx_word' id='word_1_19' title='bbox 690 469 744 508; x_wconf 90' lang='lat' dir='ltr'><strong>re</strong></span> <span class='ocrx_word' id='word_1_20' title='bbox 762 455 877 509; x_wconf 80' lang='lat' dir='ltr'><strong>vide</strong></span> <span class='ocrx_word' id='word_1_21' title='bbox 895 455 1085 508; x_wconf 82' lang='lat' dir='ltr'><strong>Ezech.</strong></span> <span class='ocrx_word' id='word_1_22' title='bbox 1109 469 1223 524; x_wconf 87' lang='lat' dir='ltr'><strong>cap.</strong></span> <span class='ocrx_word' id='word_1_23' title='bbox 1250 456 1333 508; x_wconf 83' lang='lat'><strong>10.</strong></span> <span class='ocrx_word' id='word_1_24' title='bbox 1355 469 1404 508; x_wconf 83' lang='lat' dir='ltr'><strong>v.</strong></span> <span class='ocrx_word' id='word_1_25' title='bbox 1425 458 1479 512; x_wconf 77' lang='lat'>2</span> <span class='ocrx_word' id='word_1_26' title='bbox 1483 457 1542 524; x_wconf 89' lang='lat'><strong>)‚</strong></span> <span class='ocrx_word' id='word_1_27' title='bbox 1572 456 1680 520; x_wconf 79' lang='lat' dir='ltr'><strong>vei,</strong></span> <span class='ocrx_word' id='word_1_28' title='bbox 1709 462 1768 508; x_wconf 90' lang='lat' dir='ltr'><strong>ut</strong></span> <span class='ocrx_word' id='word_1_29' title='bbox 1785 455 1916 518; x_wconf 82' lang='lat' dir='ltr'><strong>dixi</strong></span> <span class='ocrx_word' id='word_1_30' title='bbox 1940 462 2024 509; x_wconf 86' lang='lat' dir='ltr'><strong>est</strong></span> <span class='ocrx_word' id='word_1_31' title='bbox 2038 455 2153 523; x_wconf 87' lang='lat' dir='ltr'><strong>ipsa</strong></span> 
     </span>
    </p>
   </div>
   <div class='ocr_carea' id='block_1_3' title="bbox 257 527 2156 630">
    <p class='ocr_par' dir='ltr' id='par_1_3' title="bbox 257 527 2156 630">
     <span class='ocr_line' id='line_1_4' title="bbox 257 527 2156 630; baseline -0.001 -37"><span class='ocrx_word' id='word_1_32' title='bbox 257 543 570 612; x_wconf 77' lang='lat' dir='ltr'><strong>praepositio</strong></span> <span class='ocrx_word' id='word_1_33' title='bbox 589 556 683 593; x_wconf 87' lang='lat' dir='ltr'><strong>seu</strong></span> <span class='ocrx_word' id='word_1_34' title='bbox 712 541 891 594; x_wconf 87' lang='lat' dir='ltr'><strong>relatio</strong></span> <span class='ocrx_word' id='word_1_35' title='bbox 919 541 1173 596; x_wconf 85' lang='lat' dir='ltr'><strong>abstracte</strong></span> <span class='ocrx_word' id='word_1_36' title='bbox 1202 547 1477 608; x_wconf 84' lang='lat' dir='ltr'><strong>concepta,</strong></span> <span class='ocrx_word' id='word_1_37' title='bbox 1515 547 1577 592; x_wconf 91' lang='lat' dir='ltr'><strong>ut</strong></span> <span class='ocrx_word' id='word_1_38' title='bbox 1597 556 1654 593; x_wconf 87' lang='lat' dir='ltr'><strong>ex</strong></span> <span class='ocrx_word' id='word_1_39' title='bbox 1690 527 1861 630; x_wconf 53' lang='lat' dir='ltr'><strong>&#39;nl-13</strong></span> <span class='ocrx_word' id='word_1_40' title='bbox 1905 547 2156 604; x_wconf 49' lang='lat' dir='ltr'><strong>mmm-e</strong></span> 
     </span>
    </p>
   </div>
   <div class='ocr_carea' id='block_1_4' title="bbox 250 603 2156 1081">
    <p class='ocr_par' dir='ltr' id='par_1_4' title="bbox 250 603 2156 848">
     <span class='ocr_line' id='line_1_5' title="bbox 250 603 2156 698; baseline -0.001 -18"><span class='ocrx_word' id='word_1_41' title='bbox 250 629 584 698; x_wconf 61' lang='lat' dir='ltr'><strong>posteriora,</strong></span> <span class='ocrx_word' id='word_1_42' title='bbox 621 628 698 680; x_wconf 87' lang='lat' dir='ltr'><strong>vel</strong></span> <span class='ocrx_word' id='word_1_43' title='bbox 718 625 907 694; x_wconf 87' lang='lat' dir='ltr'><strong>(invito</strong></span> <span class='ocrx_word' id='word_1_44' title='bbox 926 629 1111 680; x_wconf 86' lang='lat' dir='ltr'><strong>Latino</strong></span> <span class='ocrx_word' id='word_1_45' title='bbox 1129 626 1408 694; x_wconf 78' lang='lat' dir='ltr'><strong>vocabulo)</strong></span> <span class='ocrx_word' id='word_1_46' title='bbox 1421 603 1874 695; x_wconf 69' lang='lat' dir='ltr'><strong>postmoritates:</strong></span> <span class='ocrx_word' id='word_1_47' title='bbox 1915 627 1978 680; x_wconf 84' lang='lat' dir='ltr'><strong>ad</strong></span> <span class='ocrx_word' id='word_1_48' title='bbox 2001 611 2156 679; x_wconf 85' lang='lat' dir='ltr'><strong>cuius&#39;</strong></span> 
     </span>
     <span class='ocr_line' id='line_1_6' title="bbox 260 703 2148 773; baseline -0.001 -17"><span class='ocrx_word' id='word_1_49' title='bbox 260 705 471 756; x_wconf 89' lang='lat' dir='ltr'><strong>modum</strong></span> <span class='ocrx_word' id='word_1_50' title='bbox 492 704 669 772; x_wconf 88' lang='lat' dir='ltr'><strong>piures</strong></span> <span class='ocrx_word' id='word_1_51' title='bbox 688 714 794 756; x_wconf 84' lang='lat' dir='ltr'><strong>tam</strong></span> <span class='ocrx_word' id='word_1_52' title='bbox 814 705 1241 772; x_wconf 90' lang='lat' dir='ltr'><strong>praepositiones,</strong></span> <span class='ocrx_word' id='word_1_53' title='bbox 1261 719 1417 770; x_wconf 87' lang='lat' dir='ltr'><strong>quam</strong></span> <span class='ocrx_word' id='word_1_54' title='bbox 1437 703 1674 756; x_wconf 82' lang='lat' dir='ltr'><strong>adverbia</strong></span> <span class='ocrx_word' id='word_1_55' title='bbox 1688 705 1895 756; x_wconf 83' lang='lat' dir='ltr'><strong>formari</strong></span> <span class='ocrx_word' id='word_1_56' title='bbox 1910 711 2148 773; x_wconf 88' lang='lat' dir='ltr'><strong>possunt,</strong></span> 
     </span>
     <span class='ocr_line' id='line_1_7' title="bbox 261 781 1861 848; baseline -0.001 -14"><span class='ocrx_word' id='word_1_57' title='bbox 261 783 497 848; x_wconf 86' lang='lat' dir='ltr'><strong>quamvis</strong></span> <span class='ocrx_word' id='word_1_58' title='bbox 513 783 568 833; x_wconf 90' lang='lat' dir='ltr'><strong>in</strong></span> <span class='ocrx_word' id='word_1_59' title='bbox 590 781 859 848; x_wconf 82' lang='lat' dir='ltr'><strong>Scriptura</strong></span> <span class='ocrx_word' id='word_1_60' title='bbox 880 796 1166 848; x_wconf 88' lang='lat' dir='ltr'><strong>numquam</strong></span> <span class='ocrx_word' id='word_1_61' title='bbox 1187 783 1263 834; x_wconf 88' lang='lat' dir='ltr'><strong>sic</strong></span> <span class='ocrx_word' id='word_1_62' title='bbox 1283 783 1500 834; x_wconf 78' lang='lat' dir='ltr'><strong>formata</strong></span> <span class='ocrx_word' id='word_1_63' title='bbox 1521 781 1861 847; x_wconf 87' lang='lat' dir='ltr'><strong>reperiantur.</strong></span> 
     </span>
    </p>

    <p class='ocr_par' dir='ltr' id='par_1_5' title="bbox 261 858 2156 1081">
     <span class='ocr_line' id='line_1_8' title="bbox 364 858 2154 926; baseline 0 -16"><span class='ocrx_word' id='word_1_64' title='bbox 364 861 413 910; x_wconf 86' lang='lat'><strong>5.</strong></span> <span class='ocrx_word' id='word_1_65' title='bbox 451 858 611 911; x_wconf 89' lang='lat' dir='ltr'><strong>Porro</strong></span> <span class='ocrx_word' id='word_1_66' title='bbox 645 859 793 926; x_wconf 89' lang='lat' dir='ltr'><strong>ipsae</strong></span> <span class='ocrx_word' id='word_1_67' title='bbox 833 859 985 910; x_wconf 86' lang='lat' dir='ltr'><strong>etiam</strong></span> <span class='ocrx_word' id='word_1_68' title='bbox 1015 860 1425 926; x_wconf 79' lang='lat' dir='ltr'><strong>praepositiones</strong></span> <span class='ocrx_word' id='word_1_69' title='bbox 1455 858 1508 909; x_wconf 89' lang='lat' dir='ltr'><strong>in</strong></span> <span class='ocrx_word' id='word_1_70' title='bbox 1547 863 1686 909; x_wconf 89' lang='lat' dir='ltr'><strong>statu</strong></span> <span class='ocrx_word' id='word_1_71' title='bbox 1722 858 2016 924; x_wconf 67' lang='lat' dir='ltr'><strong>regiminis»,</strong></span> <span class='ocrx_word' id='word_1_72' title='bbox 2057 858 2154 910; x_wconf 87' lang='lat' dir='ltr'><strong>hoc</strong></span> 
     </span>
     <span class='ocr_line' id='line_1_9' title="bbox 262 932 2156 1004; baseline 0.001 -18"><span class='ocrx_word' id='word_1_73' title='bbox 262 941 368 996; x_wconf 85' lang='lat' dir='ltr'><strong>est,</strong></span> <span class='ocrx_word' id='word_1_74' title='bbox 409 943 669 1002; x_wconf 84' lang='lat' dir='ltr'><strong>quatenus</strong></span> <span class='ocrx_word' id='word_1_75' title='bbox 689 937 963 988; x_wconf 80' lang='lat' dir='ltr'><strong>relationes</strong></span> <span class='ocrx_word' id='word_1_76' title='bbox 982 936 1239 997; x_wconf 88' lang='lat' dir='ltr'><strong>indicant,</strong></span> <span class='ocrx_word' id='word_1_77' title='bbox 1272 933 1450 987; x_wconf 84' lang='lat' dir='ltr'><strong>tamin</strong></span> <span class='ocrx_word' id='word_1_78' title='bbox 1469 932 1748 999; x_wconf 78' lang='lat' dir='ltr'><strong>singulari,</strong></span> <span class='ocrx_word' id='word_1_79' title='bbox 1779 948 1937 1001; x_wconf 88' lang='lat' dir='ltr'><strong>quam</strong></span> <span class='ocrx_word' id='word_1_80' title='bbox 1962 935 2013 986; x_wconf 88' lang='lat' dir='ltr'><strong>in</strong></span> <span class='ocrx_word' id='word_1_81' title='bbox 2032 935 2156 1004; x_wconf 90' lang='lat' dir='ltr'><strong>plu—</strong></span> 
     </span>
     <span class='ocr_line' id='line_1_10' title="bbox 261 1011 2155 1081; baseline 0.001 -19"><span class='ocrx_word' id='word_1_82' title='bbox 261 1011 352 1062; x_wconf 80' lang='lat' dir='ltr'><strong>rali</strong></span> <span class='ocrx_word' id='word_1_83' title='bbox 381 1011 726 1075; x_wconf 85' lang='lat' dir='ltr'><strong>declinantur,</strong></span> <span class='ocrx_word' id='word_1_84' title='bbox 770 1012 909 1078; x_wconf 89' lang='lat' dir='ltr'><strong>quod</strong></span> <span class='ocrx_word' id='word_1_85' title='bbox 940 1013 1026 1075; x_wconf 84' lang='lat' dir='ltr'><strong>fit,</strong></span> <span class='ocrx_word' id='word_1_86' title='bbox 1070 1014 1190 1081; x_wconf 86' lang='lat' dir='ltr'><strong>quia</strong></span> <span class='ocrx_word' id='word_1_87' title='bbox 1220 1013 1299 1066; x_wconf 86' lang='lat' dir='ltr'><strong>vel</strong></span> <span class='ocrx_word' id='word_1_88' title='bbox 1323 1013 1497 1066; x_wconf 90' lang='lat' dir='ltr'><strong>relatio</strong></span> <span class='ocrx_word' id='word_1_89' title='bbox 1515 1011 1780 1064; x_wconf 78' lang='lat' dir='ltr'><strong>multoties</strong></span> <span class='ocrx_word' id='word_1_90' title='bbox 1801 1013 2032 1079; x_wconf 80' lang='lat' dir='ltr'><strong>concipi,</strong></span> <span class='ocrx_word' id='word_1_91' title='bbox 2075 1012 2155 1064; x_wconf 85' lang='lat' dir='ltr'><strong>vel</strong></span> 
     </span>
    </p>
   </div>
   <div class='ocr_carea' id='block_1_5' title="bbox 257 1097 2157 1267">
    <p class='ocr_par' dir='ltr' id='par_1_6' title="bbox 257 1097 2157 1252">
     <span class='ocr_line' id='line_1_11' title="bbox 260 1097 2147 1176; baseline 0.001 -28"><span class='ocrx_word' id='word_1_92' title='bbox 260 1098 381 1163; x_wconf 90' lang='lat' dir='ltr'><strong>quia</strong></span> <span class='ocrx_word' id='word_1_93' title='bbox 415 1097 675 1150; x_wconf 87' lang='lat' dir='ltr'><strong>intensius</strong></span> <span class='ocrx_word' id='word_1_94' title='bbox 713 1101 929 1166; x_wconf 82' lang='lat' dir='ltr'><strong>exprimi</strong></span> <span class='ocrx_word' id='word_1_95' title='bbox 968 1098 1136 1151; x_wconf 89' lang='lat' dir='ltr'><strong>debet</strong></span> <span class='ocrx_word' id='word_1_96' title='bbox 1211 1101 1262 1152; x_wconf 79' lang='grc'><strong>6.</strong></span> <span class='ocrx_word' id='word_1_97' title='bbox 1313 1099 1410 1151; x_wconf 84' lang='lat' dir='ltr'><strong>Ex.</strong></span> <span class='ocrx_word' id='word_1_98' title='bbox 1448 1113 1524 1164; x_wconf 87' lang='lat' dir='ltr'><strong>gr.</strong></span> <span class='ocrx_word' id='word_1_99' title='bbox 1563 1101 1710 1176; x_wconf 60' lang='lat' dir='ltr'><strong>“lm-3</strong></span> <span class='ocrx_word' id='word_1_100' title='bbox 1747 1103 1876 1165; x_wconf 77' lang='lat' dir='ltr'><strong>post</strong></span> <span class='ocrx_word' id='word_1_101' title='bbox 1909 1097 2110 1150; x_wconf 83' lang='lat' dir='ltr'><strong>habet</strong></span> <span class='ocrx_word' id='word_1_102' title='bbox 2093 1113 2147 1150; x_wconf 83' lang='lat' dir='ltr'><strong>in</strong></span> 
     </span>
     <span class='ocr_line' id='line_1_12' title="bbox 257 1181 2157 1267; baseline 0 -32"><span class='ocrx_word' id='word_1_103' title='bbox 257 1182 443 1250; x_wconf 78' lang='lat' dir='ltr'><strong>plurali</strong></span> <span class='ocrx_word' id='word_1_104' title='bbox 479 1187 679 1267; x_wconf 57' lang='grc' dir='ltr'><strong>ῚἾΠξζ,</strong></span> <span class='ocrx_word' id='word_1_105' title='bbox 702 1185 843 1251; x_wconf 88' lang='lat' dir='ltr'><strong>qnod</strong></span> <span class='ocrx_word' id='word_1_106' title='bbox 865 1185 1123 1252; x_wconf 84' lang='lat' dir='ltr'><strong>significat</strong></span> <span class='ocrx_word' id='word_1_107' title='bbox 1140 1185 1366 1236; x_wconf 80' lang='lat' dir='ltr'><strong>multum</strong></span> <span class='ocrx_word' id='word_1_108' title='bbox 1385 1189 1529 1251; x_wconf 79' lang='lat' dir='ltr'><strong>post,</strong></span> <span class='ocrx_word' id='word_1_109' title='bbox 1553 1181 1992 1248; x_wconf 83' lang='lat' dir='ltr'><strong>quemadmodum</strong></span> <span class='ocrx_word' id='word_1_110' title='bbox 2012 1184 2157 1235; x_wconf 86' lang='lat' dir='ltr'><strong>Rab-</strong></span> 
     </span>
    </p>
   </div>
   <div class='ocr_carea' id='block_1_6' title="bbox 259 1243 2284 1348">
    <p class='ocr_par' dir='ltr' id='par_1_7' title="bbox 259 1243 2284 1348">
     <span class='ocr_line' id='line_1_13' title="bbox 259 1243 2284 1348; baseline -0.001 -26"><span class='ocrx_word' id='word_1_111' title='bbox 259 1269 370 1322; x_wconf 88' lang='lat' dir='ltr'><strong>bini</strong></span> <span class='ocrx_word' id='word_1_112' title='bbox 392 1266 607 1336; x_wconf 84' lang='lat' dir='ltr'><strong>optime</strong></span> <span class='ocrx_word' id='word_1_113' title='bbox 612 1277 876 1323; x_wconf 86' lang='lat' dir='ltr'><strong>notarunt.</strong></span> <span class='ocrx_word' id='word_1_114' title='bbox 947 1271 1035 1323; x_wconf 90' lang='lat' dir='ltr'><strong>Sic</strong></span> <span class='ocrx_word' id='word_1_115' title='bbox 1074 1249 1159 1333; x_wconf 49' lang='grc' dir='ltr'><strong>ὄζος</strong></span> <span class='ocrx_word' id='word_1_116' title='bbox 1192 1271 1267 1322; x_wconf 78' lang='lat' dir='ltr'><strong>ad</strong></span> <span class='ocrx_word' id='word_1_117' title='bbox 1283 1268 1466 1324; x_wconf 83' lang='lat' dir='ltr'><strong>habet</strong></span> <span class='ocrx_word' id='word_1_118' title='bbox 1451 1283 1504 1320; x_wconf 88' lang='lat' dir='ltr'><strong>m</strong></span> <span class='ocrx_word' id='word_1_119' title='bbox 1533 1269 1724 1336; x_wconf 86' lang='lat' dir='ltr'><strong>plurali</strong></span> <span class='ocrx_word' id='word_1_120' title='bbox 1763 1247 1883 1348; x_wconf 44' lang='grc' dir='ltr'><strong>ἡκ.</strong></span> <span class='ocrx_word' id='word_1_121' title='bbox 1930 1271 2156 1322; x_wconf 79' lang='lat' dir='ltr'><strong>multum</strong></span> <span class='ocrx_word' id='word_1_122' title='bbox 2269 1243 2284 1268; x_wconf 58' lang='lat'><em>&#39;</em></span> 
     </span>
    </p>
   </div>
   <div class='ocr_carea' id='block_1_7' title="bbox 260 1348 2158 1431">
    <p class='ocr_par' dir='ltr' id='par_1_8' title="bbox 260 1348 2158 1431">
     <span class='ocr_line' id='line_1_14' title="bbox 260 1348 2158 1431; baseline 0 -17"><span class='ocrx_word' id='word_1_123' title='bbox 260 1363 357 1426; x_wconf 80' lang='lat' dir='ltr'><strong>ad,</strong></span> <span class='ocrx_word' id='word_1_124' title='bbox 398 1362 497 1416; x_wconf 85' lang='lat' dir='ltr'><strong>hoc</strong></span> <span class='ocrx_word' id='word_1_125' title='bbox 522 1372 633 1426; x_wconf 83' lang='lat' dir='ltr'><strong>est,</strong></span> <span class='ocrx_word' id='word_1_126' title='bbox 672 1369 925 1430; x_wconf 86' lang='lat' dir='ltr'><strong>quantum</strong></span> <span class='ocrx_word' id='word_1_127' title='bbox 955 1364 1064 1416; x_wconf 83' lang='lat' dir='ltr'><strong>lieri</strong></span> <span class='ocrx_word' id='word_1_128' title='bbox 1094 1370 1295 1431; x_wconf 86' lang='lat' dir='ltr'><strong>potest,</strong></span> <span class='ocrx_word' id='word_1_129' title='bbox 1331 1364 1397 1417; x_wconf 86' lang='lat' dir='ltr'><strong>ad</strong></span> <span class='ocrx_word' id='word_1_130' title='bbox 1429 1364 1569 1420; x_wconf 87' lang='lat' dir='ltr'><strong>illam</strong></span> <span class='ocrx_word' id='word_1_131' title='bbox 1590 1371 1786 1431; x_wconf 86' lang='lat' dir='ltr'><strong>partem</strong></span> <span class='ocrx_word' id='word_1_132' title='bbox 1804 1348 1911 1416; x_wconf 75' lang='lat' dir='ltr'><strong>iv&#39;i&#39;t.</strong></span> <span class='ocrx_word' id='word_1_133' title='bbox 1985 1365 2070 1416; x_wconf 90' lang='lat' dir='ltr'><strong>Sic</strong></span> <span class='ocrx_word' id='word_1_134' title='bbox 2099 1379 2158 1415; x_wconf 82' lang='lat' dir='ltr'><strong>ex</strong></span> 
     </span>
    </p>
   </div>
   <div class='ocr_carea' id='block_1_8' title="bbox 260 1427 2158 1714">
    <p class='ocr_par' dir='ltr' id='par_1_9' title="bbox 260 1427 2158 1712">
     <span class='ocr_line' id='line_1_15' title="bbox 267 1427 2158 1542; baseline -0.001 -42"><span class='ocrx_word' id='word_1_135' title='bbox 267 1427 343 1528; x_wconf 62' lang='grc'><strong><em>59</em></strong></span> <span class='ocrx_word' id='word_1_136' title='bbox 382 1463 547 1516; x_wconf 75' lang='lat' dir='ltr'><strong>snpra</strong></span> <span class='ocrx_word' id='word_1_137' title='bbox 584 1449 644 1502; x_wconf 85' lang='lat' dir='ltr'><strong>fit</strong></span> <span class='ocrx_word' id='word_1_138' title='bbox 701 1427 847 1542; x_wconf 48' lang='lat'><strong>552²,</strong></span> <span class='ocrx_word' id='word_1_139' title='bbox 886 1458 1023 1505; x_wconf 78' lang='lat' dir='ltr'><strong>etex</strong></span> <span class='ocrx_word' id='word_1_140' title='bbox 1065 1456 1151 1530; x_wconf 66' lang='lat' dir='ltr'><strong>&#39;ly</strong></span> <span class='ocrx_word' id='word_1_141' title='bbox 1200 1465 1368 1515; x_wconf 71' lang='lat' dir='ltr'><strong>usque</strong></span> <span class='ocrx_word' id='word_1_142' title='bbox 1417 1453 1558 1542; x_wconf 44' lang='grc' dir='ltr'><strong>Π93.</strong></span> <span class='ocrx_word' id='word_1_143' title='bbox 1629 1451 1768 1501; x_wconf 86' lang='lat' dir='ltr'><strong>Hinc</strong></span> <span class='ocrx_word' id='word_1_144' title='bbox 1813 1455 1895 1528; x_wconf 67' lang='grc'><strong>’19</strong></span> <span class='ocrx_word' id='word_1_145' title='bbox 1943 1453 2060 1540; x_wconf 70' lang='grc' dir='ltr'><strong>ῚἿ9</strong></span> <span class='ocrx_word' id='word_1_146' title='bbox 2099 1452 2158 1499; x_wconf 80' lang='lat' dir='ltr'><strong>in</strong></span> 
     </span>
     <span class='ocr_line' id='line_1_16' title="bbox 262 1517 2155 1604; baseline 0.001 -19"><span class='ocrx_word' id='word_1_147' title='bbox 262 1539 537 1586; x_wconf 73' lang='lat' dir='ltr'><strong>aeter-mm</strong></span> <span class='ocrx_word' id='word_1_148' title='bbox 564 1517 837 1602; x_wconf 68' lang='lat' dir='ltr'><strong>significat,</strong></span> <span class='ocrx_word' id='word_1_149' title='bbox 870 1535 970 1590; x_wconf 87' lang='lat' dir='ltr'><strong>hoc</strong></span> <span class='ocrx_word' id='word_1_150' title='bbox 988 1543 1083 1598; x_wconf 79' lang='lat' dir='ltr'><strong>est,</strong></span> <span class='ocrx_word' id='word_1_151' title='bbox 1116 1537 1308 1599; x_wconf 88' lang='lat' dir='ltr'><strong>omnia,</strong></span> <span class='ocrx_word' id='word_1_152' title='bbox 1339 1550 1471 1603; x_wconf 84' lang='lat' dir='ltr'><strong>quae</strong></span> <span class='ocrx_word' id='word_1_153' title='bbox 1491 1531 1692 1604; x_wconf 80' lang='lat' dir='ltr'><strong>concipi</strong></span> <span class='ocrx_word' id='word_1_154' title='bbox 1713 1542 1952 1603; x_wconf 87' lang='lat' dir='ltr'><strong>possunt,</strong></span> <span class='ocrx_word' id='word_1_155' title='bbox 1983 1529 2155 1601; x_wconf 58' lang='lat' dir='ltr'><strong>usique</strong></span> 
     </span>
     <span class='ocr_line' id='line_1_17' title="bbox 260 1621 2154 1714; baseline 0 -43"><span class='ocrx_word' id='word_1_156' title='bbox 260 1622 356 1671; x_wconf 79' lang='grc' dir='ltr'><strong>τοῦ</strong></span> <span class='ocrx_word' id='word_1_157' title='bbox 382 1635 571 1686; x_wconf 87' lang='lat' dir='ltr'><strong>nsque.</strong></span> <span class='ocrx_word' id='word_1_158' title='bbox 644 1622 733 1674; x_wconf 88' lang='lat' dir='ltr'><strong>Sic</strong></span> <span class='ocrx_word' id='word_1_159' title='bbox 771 1626 915 1714; x_wconf 55' lang='grc' dir='ltr'><strong>ΥἾΝ</strong></span> <span class='ocrx_word' id='word_1_160' title='bbox 948 1625 1171 1714; x_wconf 58' lang='grc' dir='ltr'><strong>νῃηρῃ</strong></span> <span class='ocrx_word' id='word_1_161' title='bbox 1206 1621 1462 1688; x_wconf 83' lang='lat' dir='ltr'><strong>significat</strong></span> <span class='ocrx_word' id='word_1_162' title='bbox 1489 1625 1556 1673; x_wconf 78' lang='lat' dir='ltr'><strong>ab</strong></span> <span class='ocrx_word' id='word_1_163' title='bbox 1584 1623 1730 1674; x_wconf 80' lang='lat' dir='ltr'><strong>omni</strong></span> <span class='ocrx_word' id='word_1_164' title='bbox 1754 1626 1876 1672; x_wconf 80' lang='lat' dir='ltr'><strong>ante</strong></span> <span class='ocrx_word' id='word_1_165' title='bbox 1905 1626 2079 1672; x_wconf 77' lang='lat' dir='ltr'><strong>terrae</strong></span> <span class='ocrx_word' id='word_1_166' title='bbox 2081 1621 2154 1689; x_wconf 71' lang='lat'><strong>⁴²).</strong></span> 
     </span>
    </p>
   </div>
   <div class='ocr_carea' id='block_1_9' title="bbox 264 1691 2153 1860">
    <p class='ocr_par' dir='ltr' id='par_1_10' title="bbox 264 1691 2153 1853">
     <span class='ocr_line' id='line_1_18' title="bbox 264 1691 2153 1777; baseline 0.001 -20"><span class='ocrx_word' id='word_1_167' title='bbox 264 1705 333 1757; x_wconf 89' lang='lat' dir='ltr'><strong>Et</strong></span> <span class='ocrx_word' id='word_1_168' title='bbox 361 1705 427 1758; x_wconf 87' lang='lat' dir='ltr'><strong>ad</strong></span> <span class='ocrx_word' id='word_1_169' title='bbox 454 1706 592 1759; x_wconf 85' lang='lat' dir='ltr'><strong>hunc</strong></span> <span class='ocrx_word' id='word_1_170' title='bbox 621 1691 865 1761; x_wconf 52' lang='lat' dir='ltr'><strong>modum*</strong></span> <span class='ocrx_word' id='word_1_171' title='bbox 867 1722 1049 1762; x_wconf 88' lang='lat' dir='ltr'><strong>omnes</strong></span> <span class='ocrx_word' id='word_1_172' title='bbox 1078 1709 1183 1763; x_wconf 73' lang='lat' dir='ltr'><strong>iere</strong></span> <span class='ocrx_word' id='word_1_173' title='bbox 1210 1709 1620 1777; x_wconf 83' lang='lat' dir='ltr'><strong>praepositiones</strong></span> <span class='ocrx_word' id='word_1_174' title='bbox 1650 1715 1756 1761; x_wconf 89' lang='lat' dir='ltr'><strong>tam</strong></span> <span class='ocrx_word' id='word_1_175' title='bbox 1791 1709 1846 1761; x_wconf 87' lang='lat' dir='ltr'><strong>in</strong></span> <span class='ocrx_word' id='word_1_176' title='bbox 1882 1707 2153 1775; x_wconf 80' lang='lat' dir='ltr'><strong>singulari,</strong></span> 
     </span>
     <span class='ocr_line' id='line_1_19' title="bbox 266 1783 1470 1860; baseline 0.003 -26"><span class='ocrx_word' id='word_1_177' title='bbox 266 1798 422 1847; x_wconf 84' lang='lat' dir='ltr'><strong>quam</strong></span> <span class='ocrx_word' id='word_1_178' title='bbox 441 1784 497 1835; x_wconf 87' lang='lat' dir='ltr'><strong>in</strong></span> <span class='ocrx_word' id='word_1_179' title='bbox 516 1783 705 1860; x_wconf 87' lang='lat' dir='ltr'><strong>plurali</strong></span> <span class='ocrx_word' id='word_1_180' title='bbox 728 1800 945 1838; x_wconf 86' lang='lat' dir='ltr'><strong>numero</strong></span> <span class='ocrx_word' id='word_1_181' title='bbox 965 1786 1207 1838; x_wconf 84' lang='lat' dir='ltr'><strong>declinari</strong></span> <span class='ocrx_word' id='word_1_182' title='bbox 1227 1793 1470 1853; x_wconf 89' lang='lat' dir='ltr'><strong>possunt.</strong></span> 
     </span>
    </p>
   </div>
   <div class='ocr_carea' id='block_1_10' title="bbox 268 1864 2158 2108">
    <p class='ocr_par' dir='ltr' id='par_1_11' title="bbox 268 1864 2158 2108">
     <span class='ocr_line' id='line_1_20' title="bbox 367 1864 2158 1939; baseline 0.002 -20"><span class='ocrx_word' id='word_1_183' title='bbox 367 1869 421 1919; x_wconf 91' lang='grc'><strong>7.</strong></span> <span class='ocrx_word' id='word_1_184' title='bbox 459 1868 530 1919; x_wconf 73' lang='lat' dir='ltr'><strong>At</strong></span> <span class='ocrx_word' id='word_1_185' title='bbox 561 1864 701 1931; x_wconf 58' lang='lat'><strong>&#39;25⁸7</strong></span> <span class='ocrx_word' id='word_1_186' title='bbox 742 1876 889 1935; x_wconf 80' lang='lat' dir='ltr'><strong>ante,</strong></span> <span class='ocrx_word' id='word_1_187' title='bbox 932 1886 1065 1939; x_wconf 85' lang='lat' dir='ltr'><strong>qnae</strong></span> <span class='ocrx_word' id='word_1_188' title='bbox 1084 1873 1397 1939; x_wconf 84' lang='lat' dir='ltr'><strong>praepositio</strong></span> <span class='ocrx_word' id='word_1_189' title='bbox 1417 1872 1732 1939; x_wconf 80' lang='lat' dir='ltr'><strong>singularem</strong></span> <span class='ocrx_word' id='word_1_190' title='bbox 1753 1884 1858 1924; x_wconf 91' lang='lat' dir='ltr'><strong>non</strong></span> <span class='ocrx_word' id='word_1_191' title='bbox 1877 1869 2057 1931; x_wconf 85' lang='lat' dir='ltr'><strong>habet,</strong></span> <span class='ocrx_word' id='word_1_192' title='bbox 2097 1885 2158 1923; x_wconf 82' lang='lat' dir='ltr'><strong>ex</strong></span> 
     </span>
     <span class='ocr_line' id='line_1_21' title="bbox 268 1938 2154 2024; baseline 0.001 -19"><span class='ocrx_word' id='word_1_193' title='bbox 268 1954 349 2005; x_wconf 85' lang='lat' dir='ltr'><strong>his</strong></span> <span class='ocrx_word' id='word_1_194' title='bbox 380 1938 672 2021; x_wconf 72' lang='lat' dir='ltr'><strong>excipien&#39;da</strong></span> <span class='ocrx_word' id='word_1_195' title='bbox 700 1964 797 2007; x_wconf 88' lang='lat' dir='ltr'><strong>est.</strong></span> <span class='ocrx_word' id='word_1_196' title='bbox 868 1958 999 2009; x_wconf 86' lang='lat' dir='ltr'><strong>Nam</strong></span> <span class='ocrx_word' id='word_1_197' title='bbox 1028 1956 1154 2010; x_wconf 87' lang='lat' dir='ltr'><strong>haec</strong></span> <span class='ocrx_word' id='word_1_198' title='bbox 1174 1957 1318 2008; x_wconf 91' lang='lat' dir='ltr'><strong>nulla</strong></span> <span class='ocrx_word' id='word_1_199' title='bbox 1335 1958 1434 2009; x_wconf 87' lang='lat' dir='ltr'><strong>alia</strong></span> <span class='ocrx_word' id='word_1_200' title='bbox 1453 1957 1516 2009; x_wconf 89' lang='lat' dir='ltr'><strong>de</strong></span> <span class='ocrx_word' id='word_1_201' title='bbox 1535 1971 1693 2010; x_wconf 84' lang='lat' dir='ltr'><strong>causa</strong></span> <span class='ocrx_word' id='word_1_202' title='bbox 1712 1958 1765 2008; x_wconf 92' lang='lat' dir='ltr'><strong>in</strong></span> <span class='ocrx_word' id='word_1_203' title='bbox 1784 1956 1970 2024; x_wconf 77' lang='lat' dir='ltr'><strong>plurali</strong></span> <span class='ocrx_word' id='word_1_204' title='bbox 1990 1956 2154 2009; x_wconf 89' lang='lat' dir='ltr'><strong>decii-</strong></span> 
     </span>
     <span class='ocr_line' id='line_1_22' title="bbox 268 2042 2156 2108; baseline 0.001 -19"><span class='ocrx_word' id='word_1_205' title='bbox 268 2047 438 2103; x_wconf 90' lang='lat' dir='ltr'><strong>natur,</strong></span> <span class='ocrx_word' id='word_1_206' title='bbox 463 2054 619 2107; x_wconf 84' lang='lat' dir='ltr'><strong>quam</strong></span> <span class='ocrx_word' id='word_1_207' title='bbox 641 2042 765 2107; x_wconf 83' lang='lat' dir='ltr'><strong>quia</strong></span> <span class='ocrx_word' id='word_1_208' title='bbox 783 2043 1032 2095; x_wconf 80' lang='lat' dir='ltr'><strong>formatur</strong></span> <span class='ocrx_word' id='word_1_209' title='bbox 1053 2058 1083 2095; x_wconf 86' lang='lat' dir='ltr'><strong>a</strong></span> <span class='ocrx_word' id='word_1_210' title='bbox 1101 2042 1425 2096; x_wconf 80' lang='lat' dir='ltr'><strong>substantivo</strong></span> <span class='ocrx_word' id='word_1_211' title='bbox 1464 2046 1618 2104; x_wconf 60' lang='lat'><strong>0525</strong></span> <span class='ocrx_word' id='word_1_212' title='bbox 1640 2044 1826 2108; x_wconf 75' lang='lat' dir='ltr'><strong>facies</strong></span> <span class='ocrx_word' id='word_1_213' title='bbox 1859 2042 1966 2093; x_wconf 86' lang='lat' dir='ltr'><strong>sive</strong></span> <span class='ocrx_word' id='word_1_214' title='bbox 2003 2046 2156 2092; x_wconf 82' lang='lat' dir='ltr'><strong>ante-</strong></span> 
     </span>
    </p>
   </div>
   <div class='ocr_carea' id='block_1_11' title="bbox 228 2127 2157 3042">
    <p class='ocr_par' dir='ltr' id='par_1_12' title="bbox 228 2127 2157 3042">
     <span class='ocr_line' id='line_1_23' title="bbox 266 2127 1047 2195; baseline 0.005 -20"><span class='ocrx_word' id='word_1_215' title='bbox 266 2127 436 2193; x_wconf 80' lang='lat' dir='ltr'><strong>rior-a,</strong></span> <span class='ocrx_word' id='word_1_216' title='bbox 460 2127 600 2192; x_wconf 88' lang='lat' dir='ltr'><strong>quod</strong></span> <span class='ocrx_word' id='word_1_217' title='bbox 621 2128 872 2195; x_wconf 76' lang='lat' dir='ltr'><strong>singulari</strong></span> <span class='ocrx_word' id='word_1_218' title='bbox 891 2136 1047 2181; x_wconf 88' lang='lat' dir='ltr'><strong>caret.</strong></span> 
     </span>
     <span class='ocr_line' id='line_1_24' title="bbox 228 2202 2157 2270; baseline 0.001 -17"><span class='ocrx_word' id='word_1_219' title='bbox 228 2210 233 2215; x_wconf 86' lang='grc'>·</span> <span class='ocrx_word' id='word_1_220' title='bbox 368 2202 419 2253; x_wconf 88' lang='grc'><strong>8.</strong></span> <span class='ocrx_word' id='word_1_221' title='bbox 458 2203 696 2270; x_wconf 87' lang='lat' dir='ltr'><strong>Denique</strong></span> <span class='ocrx_word' id='word_1_222' title='bbox 722 2204 1027 2258; x_wconf 84' lang='lat' dir='ltr'><strong>adverbia</strong></span> <span class='ocrx_word' id='word_1_223' title='bbox 1056 2206 1319 2257; x_wconf 90' lang='lat' dir='ltr'><strong>nomina</strong></span> <span class='ocrx_word' id='word_1_224' title='bbox 1344 2206 1539 2257; x_wconf 80' lang='lat' dir='ltr'><strong>etiam</strong></span> <span class='ocrx_word' id='word_1_225' title='bbox 1569 2216 1709 2257; x_wconf 90' lang='lat' dir='ltr'><strong>csse</strong></span> <span class='ocrx_word' id='word_1_226' title='bbox 1741 2202 1994 2268; x_wconf 76' lang='lat' dir='ltr'><strong>diximuS,</strong></span> <span class='ocrx_word' id='word_1_227' title='bbox 2035 2204 2157 2269; x_wconf 84' lang='lat' dir='ltr'><strong>qui·-</strong></span> 
     </span>
     <span class='ocr_line' id='line_1_25' title="bbox 268 2276 2152 2348; baseline 0.003 -20"><span class='ocrx_word' id='word_1_228' title='bbox 268 2276 369 2329; x_wconf 88' lang='lat' dir='ltr'><strong>bus</strong></span> <span class='ocrx_word' id='word_1_229' title='bbox 396 2280 526 2331; x_wconf 88' lang='lat' dir='ltr'><strong>actio</strong></span> <span class='ocrx_word' id='word_1_230' title='bbox 546 2294 905 2347; x_wconf 86' lang='lat' dir='ltr'><strong>quaecumque</strong></span> <span class='ocrx_word' id='word_1_231' title='bbox 929 2283 1300 2336; x_wconf 85' lang='lat' dir='ltr'><strong>determinatur</strong></span> <span class='ocrx_word' id='word_1_232' title='bbox 1318 2283 1512 2334; x_wconf 89' lang='lat' dir='ltr'><strong>ratione</strong></span> <span class='ocrx_word' id='word_1_233' title='bbox 1531 2280 1696 2344; x_wconf 89' lang='lat' dir='ltr'><strong>modi,</strong></span> <span class='ocrx_word' id='word_1_234' title='bbox 1730 2282 2004 2348; x_wconf 89' lang='lat' dir='ltr'><strong>temporis,</strong></span> <span class='ocrx_word' id='word_1_235' title='bbox 2032 2280 2152 2345; x_wconf 89' lang='lat' dir='ltr'><strong>loci,</strong></span> 
     </span>
     <span class='ocr_line' id='line_1_26' title="bbox 270 2355 2150 2427; baseline 0.003 -23"><span class='ocrx_word' id='word_1_236' title='bbox 270 2355 485 2419; x_wconf 87' lang='lat' dir='ltr'><strong>agentis,</strong></span> <span class='ocrx_word' id='word_1_237' title='bbox 509 2356 704 2409; x_wconf 88' lang='lat' dir='ltr'><strong>ordinis</strong></span> <span class='ocrx_word' id='word_1_238' title='bbox 723 2365 851 2421; x_wconf 87' lang='lat' dir='ltr'><strong>etc.;</strong></span> <span class='ocrx_word' id='word_1_239' title='bbox 901 2374 980 2414; x_wconf 83' lang='lat' dir='ltr'><strong>ex.</strong></span> <span class='ocrx_word' id='word_1_240' title='bbox 1002 2375 1079 2427; x_wconf 88' lang='lat' dir='ltr'><strong>gr.</strong></span> <span class='ocrx_word' id='word_1_241' title='bbox 1104 2362 1249 2424; x_wconf 80' lang='lat' dir='ltr'><strong>bene,</strong></span> <span class='ocrx_word' id='word_1_242' title='bbox 1277 2359 1416 2411; x_wconf 82' lang='lat' dir='ltr'><strong>male</strong></span> <span class='ocrx_word' id='word_1_243' title='bbox 1433 2398 1447 2421; x_wconf 89' lang='lat'><strong>,</strong></span> <span class='ocrx_word' id='word_1_244' title='bbox 1462 2360 1812 2425; x_wconf 74' lang='lat' dir='ltr'><strong>festinanter,</strong></span> <span class='ocrx_word' id='word_1_245' title='bbox 1843 2374 1983 2422; x_wconf 75' lang='lat' dir='ltr'><strong>cras,</strong></span> <span class='ocrx_word' id='word_1_246' title='bbox 2015 2359 2150 2423; x_wconf 79' lang='lat' dir='ltr'><strong>heri,</strong></span> 
     </span>
     <span class='ocr_line' id='line_1_27' title="bbox 269 2434 2152 2504; baseline 0.004 -23"><span class='ocrx_word' id='word_1_247' title='bbox 269 2434 425 2495; x_wconf 73' lang='lat' dir='ltr'><strong>intus,</strong></span> <span class='ocrx_word' id='word_1_248' title='bbox 442 2434 627 2497; x_wconf 77' lang='lat' dir='ltr'><strong>foras,</strong></span> <span class='ocrx_word' id='word_1_249' title='bbox 653 2436 830 2497; x_wconf 63' lang='lat' dir='ltr'><strong>simul,</strong></span> <span class='ocrx_word' id='word_1_250' title='bbox 852 2440 1053 2504; x_wconf 78' lang='lat' dir='ltr'><strong>primo,</strong></span> <span class='ocrx_word' id='word_1_251' title='bbox 1082 2437 1310 2489; x_wconf 73' lang='lat' dir='ltr'><strong>secundo</strong></span> <span class='ocrx_word' id='word_1_252' title='bbox 1337 2442 1474 2499; x_wconf 89' lang='lat' dir='ltr'><strong>etc.;</strong></span> <span class='ocrx_word' id='word_1_253' title='bbox 1513 2442 1666 2502; x_wconf 85' lang='lat' dir='ltr'><strong>atque</strong></span> <span class='ocrx_word' id='word_1_254' title='bbox 1695 2435 1820 2487; x_wconf 88' lang='lat' dir='ltr'><strong>haec</strong></span> <span class='ocrx_word' id='word_1_255' title='bbox 1839 2434 2024 2501; x_wconf 85' lang='lat' dir='ltr'><strong>plurali</strong></span> <span class='ocrx_word' id='word_1_256' title='bbox 2043 2451 2152 2488; x_wconf 86' lang='lat' dir='ltr'><strong>nu—</strong></span> 
     </span>
     <span class='ocr_line' id='line_1_28' title="bbox 269 2512 2150 2581; baseline 0.003 -23"><span class='ocrx_word' id='word_1_257' title='bbox 269 2523 410 2559; x_wconf 91' lang='lat' dir='ltr'><strong>mero</strong></span> <span class='ocrx_word' id='word_1_258' title='bbox 438 2524 609 2563; x_wconf 90' lang='lat' dir='ltr'><strong>carere</strong></span> <span class='ocrx_word' id='word_1_259' title='bbox 630 2513 757 2563; x_wconf 82' lang='lat' dir='ltr'><strong>ratio</strong></span> <span class='ocrx_word' id='word_1_260' title='bbox 776 2512 987 2566; x_wconf 89' lang='lat' dir='ltr'><strong>indicat.</strong></span> <span class='ocrx_word' id='word_1_261' title='bbox 1060 2516 1111 2567; x_wconf 79' lang='lat'><strong>9.</strong></span> <span class='ocrx_word' id='word_1_262' title='bbox 1149 2516 1256 2566; x_wconf 86' lang='lat' dir='ltr'><strong>Nec</strong></span> <span class='ocrx_word' id='word_1_263' title='bbox 1273 2520 1528 2581; x_wconf 85' lang='lat' dir='ltr'><strong>possunt,</strong></span> <span class='ocrx_word' id='word_1_264' title='bbox 1570 2515 1706 2564; x_wconf 88' lang='lat' dir='ltr'><strong>sicut</strong></span> <span class='ocrx_word' id='word_1_265' title='bbox 1724 2514 2150 2581; x_wconf 82' lang='lat' dir='ltr'><strong>praepositiones,</strong></span> 
     </span>
     <span class='ocr_line' id='line_1_29' title="bbox 272 2584 2152 2657; baseline 0.003 -22"><span class='ocrx_word' id='word_1_266' title='bbox 272 2584 527 2639; x_wconf 87' lang='lat' dir='ltr'><strong>abstracte</strong></span> <span class='ocrx_word' id='word_1_267' title='bbox 554 2589 781 2657; x_wconf 88' lang='lat' dir='ltr'><strong>concipi,</strong></span> <span class='ocrx_word' id='word_1_268' title='bbox 820 2597 879 2641; x_wconf 89' lang='lat' dir='ltr'><strong>ut</strong></span> <span class='ocrx_word' id='word_1_269' title='bbox 904 2605 998 2657; x_wconf 85' lang='lat' dir='ltr'><strong>per</strong></span> <span class='ocrx_word' id='word_1_270' title='bbox 1024 2605 1082 2644; x_wconf 89' lang='lat' dir='ltr'><strong>se</strong></span> <span class='ocrx_word' id='word_1_271' title='bbox 1110 2600 1292 2644; x_wconf 90' lang='lat' dir='ltr'><strong>notum</strong></span> <span class='ocrx_word' id='word_1_272' title='bbox 1321 2598 1430 2654; x_wconf 88' lang='lat' dir='ltr'><strong>est;</strong></span> <span class='ocrx_word' id='word_1_273' title='bbox 1469 2597 1521 2642; x_wconf 87' lang='lat' dir='ltr'><strong>et</strong></span> <span class='ocrx_word' id='word_1_274' title='bbox 1550 2591 1783 2657; x_wconf 84' lang='lat' dir='ltr'><strong>quamvis</strong></span> <span class='ocrx_word' id='word_1_275' title='bbox 1805 2592 1975 2642; x_wconf 85' lang='lat' dir='ltr'><strong>Latini</strong></span> <span class='ocrx_word' id='word_1_276' title='bbox 1996 2592 2152 2641; x_wconf 85' lang='lat' dir='ltr'><strong>etiam</strong></span> 
     </span>
     <span class='ocr_line' id='line_1_30' title="bbox 272 2659 2150 2736; baseline 0.002 -25"><span class='ocrx_word' id='word_1_277' title='bbox 272 2659 508 2715; x_wconf 80' lang='lat' dir='ltr'><strong>adverbia</strong></span> <span class='ocrx_word' id='word_1_278' title='bbox 528 2679 680 2732; x_wconf 89' lang='lat' dir='ltr'><strong>saepe</strong></span> <span class='ocrx_word' id='word_1_279' title='bbox 700 2667 991 2731; x_wconf 86' lang='lat' dir='ltr'><strong>intendant,</strong></span> <span class='ocrx_word' id='word_1_280' title='bbox 1013 2677 1072 2720; x_wconf 89' lang='lat' dir='ltr'><strong>ut</strong></span> <span class='ocrx_word' id='word_1_281' title='bbox 1100 2670 1448 2736; x_wconf 73' lang='lat' dir='ltr'><strong>perbenigne,</strong></span> <span class='ocrx_word' id='word_1_282' title='bbox 1477 2668 1644 2720; x_wconf 80' lang='lat' dir='ltr'><strong>multo</strong></span> <span class='ocrx_word' id='word_1_283' title='bbox 1661 2682 1813 2718; x_wconf 78' lang='lat' dir='ltr'><strong>mane</strong></span> <span class='ocrx_word' id='word_1_284' title='bbox 1833 2675 1954 2730; x_wconf 87' lang='lat' dir='ltr'><strong>etc.,</strong></span> <span class='ocrx_word' id='word_1_285' title='bbox 1987 2665 2150 2716; x_wconf 89' lang='lat' dir='ltr'><strong>adeo-</strong></span> 
     </span>
     <span class='ocr_line' id='line_1_31' title="bbox 271 2739 2155 2813; baseline 0.001 -24"><span class='ocrx_word' id='word_1_286' title='bbox 271 2754 375 2805; x_wconf 85' lang='lat' dir='ltr'><strong>que</strong></span> <span class='ocrx_word' id='word_1_287' title='bbox 403 2739 497 2793; x_wconf 85' lang='lat' dir='ltr'><strong>hac</strong></span> <span class='ocrx_word' id='word_1_288' title='bbox 526 2742 591 2794; x_wconf 89' lang='lat' dir='ltr'><strong>de</strong></span> <span class='ocrx_word' id='word_1_289' title='bbox 620 2756 773 2795; x_wconf 87' lang='lat' dir='ltr'><strong>causa</strong></span> <span class='ocrx_word' id='word_1_290' title='bbox 801 2746 955 2797; x_wconf 87' lang='lat' dir='ltr'><strong>etiam</strong></span> <span class='ocrx_word' id='word_1_291' title='bbox 985 2744 1233 2797; x_wconf 88' lang='lat' dir='ltr'><strong>deberent</strong></span> <span class='ocrx_word' id='word_1_292' title='bbox 1268 2744 1407 2813; x_wconf 89' lang='lat' dir='ltr'><strong>apud</strong></span> <span class='ocrx_word' id='word_1_293' title='bbox 1437 2744 1703 2797; x_wconf 83' lang='lat' dir='ltr'><strong>Hebraeos</strong></span> <span class='ocrx_word' id='word_1_294' title='bbox 1739 2746 1793 2795; x_wconf 90' lang='lat' dir='ltr'><strong>in</strong></span> <span class='ocrx_word' id='word_1_295' title='bbox 1832 2742 2016 2811; x_wconf 86' lang='lat' dir='ltr'><strong>plurali</strong></span> <span class='ocrx_word' id='word_1_296' title='bbox 2052 2756 2155 2791; x_wconf 88' lang='lat' dir='ltr'><strong>nu-</strong></span> 
     </span>
     <span class='ocr_line' id='line_1_32' title="bbox 265 2817 2152 2889; baseline 0.002 -24"><span class='ocrx_word' id='word_1_297' title='bbox 265 2830 437 2882; x_wconf 90' lang='lat' dir='ltr'><strong>mero,</strong></span> <span class='ocrx_word' id='word_1_298' title='bbox 490 2826 550 2870; x_wconf 90' lang='lat' dir='ltr'><strong>ut</strong></span> <span class='ocrx_word' id='word_1_299' title='bbox 583 2822 993 2886; x_wconf 85' lang='lat' dir='ltr'><strong>praepositiones</strong></span> <span class='ocrx_word' id='word_1_300' title='bbox 1030 2822 1224 2886; x_wconf 90' lang='lat' dir='ltr'><strong>solent,</strong></span> <span class='ocrx_word' id='word_1_301' title='bbox 1274 2822 1515 2889; x_wconf 84' lang='lat' dir='ltr'><strong>exprimi,</strong></span> <span class='ocrx_word' id='word_1_302' title='bbox 1562 2822 1659 2873; x_wconf 90' lang='lat' dir='ltr'><strong>hoc</strong></span> <span class='ocrx_word' id='word_1_303' title='bbox 1694 2828 1863 2871; x_wconf 88' lang='lat' dir='ltr'><strong>tamen</strong></span> <span class='ocrx_word' id='word_1_304' title='bbox 1899 2817 2152 2869; x_wconf 85' lang='lat' dir='ltr'><strong>Hebraeis</strong></span> 
     </span>
     <span class='ocr_line' id='line_1_33' title="bbox 264 2892 2152 2967; baseline 0.001 -23"><span class='ocrx_word' id='word_1_305' title='bbox 264 2892 555 2947; x_wconf 83' lang='lat' dir='ltr'><strong>absurdum</strong></span> <span class='ocrx_word' id='word_1_306' title='bbox 592 2896 868 2950; x_wconf 76' lang='lat' dir='ltr'><strong>videretur.</strong></span> <span class='ocrx_word' id='word_1_307' title='bbox 944 2901 1029 2952; x_wconf 82' lang='lat'><strong>10.</strong></span> <span class='ocrx_word' id='word_1_308' title='bbox 1066 2902 1196 2954; x_wconf 86' lang='lat' dir='ltr'><strong>Nam</strong></span> <span class='ocrx_word' id='word_1_309' title='bbox 1232 2898 1670 2967; x_wconf 87' lang='lat' dir='ltr'><strong>praepositiones,</strong></span> <span class='ocrx_word' id='word_1_310' title='bbox 1721 2896 1841 2962; x_wconf 87' lang='lat' dir='ltr'><strong>quia</strong></span> <span class='ocrx_word' id='word_1_311' title='bbox 1878 2894 2152 2945; x_wconf 86' lang='lat' dir='ltr'><strong>relationes</strong></span> 
     </span>
     <span class='ocr_line' id='line_1_34' title="bbox 266 2970 2152 3042; baseline 0.001 -20"><span class='ocrx_word' id='word_1_312' title='bbox 266 2971 525 3038; x_wconf 88' lang='lat' dir='ltr'><strong>indicant,</strong></span> <span class='ocrx_word' id='word_1_313' title='bbox 562 2984 817 3042; x_wconf 86' lang='lat' dir='ltr'><strong>possunt,</strong></span> <span class='ocrx_word' id='word_1_314' title='bbox 856 2982 916 3028; x_wconf 90' lang='lat' dir='ltr'><strong>ut</strong></span> <span class='ocrx_word' id='word_1_315' title='bbox 940 2976 1150 3030; x_wconf 90' lang='lat' dir='ltr'><strong>nomina</strong></span> <span class='ocrx_word' id='word_1_316' title='bbox 1180 2974 1531 3041; x_wconf 83' lang='lat' dir='ltr'><strong>substantiva,</strong></span> <span class='ocrx_word' id='word_1_317' title='bbox 1571 2971 1815 3026; x_wconf 83' lang='lat' dir='ltr'><strong>attributa</strong></span> <span class='ocrx_word' id='word_1_318' title='bbox 1839 2970 2026 3023; x_wconf 79' lang='lat' dir='ltr'><strong>habere</strong></span> <span class='ocrx_word' id='word_1_319' title='bbox 2045 2972 2152 3024; x_wconf 84' lang='lat' dir='ltr'><strong>sive</strong></span> 
     </span>
    </p>
   </div>
   <div class='ocr_carea' id='block_1_12' title="bbox 270 3093 609 3107">
    <p class='ocr_par' dir='ltr' id='par_1_13' title="bbox 270 3093 609 3107">
     <span class='ocr_line' id='line_1_35' title="bbox 270 3093 609 3107; baseline 0 378"><span class='ocrx_word' id='word_1_320' title='bbox 270 3093 609 3107; x_wconf 95' lang='lat' dir='ltr'><strong> </strong></span> 
     </span>
    </p>
   </div>
   <div class='ocr_carea' id='block_1_13' title="bbox 340 3158 1722 3294">
    <p class='ocr_par' dir='ltr' id='par_1_14' title="bbox 340 3158 1722 3294">
     <span class='ocr_line' id='line_1_36' title="bbox 370 3158 1025 3217; baseline 0.003 -14"><span class='ocrx_word' id='word_1_321' title='bbox 370 3159 409 3210; x_wconf 78' lang='lat'><strong>⁸)</strong></span> <span class='ocrx_word' id='word_1_322' title='bbox 438 3158 571 3204; x_wconf 77' lang='lat' dir='ltr'><strong>Cous.</strong></span> <span class='ocrx_word' id='word_1_323' title='bbox 594 3172 698 3216; x_wconf 86' lang='lat' dir='ltr'><strong>cap.</strong></span> <span class='ocrx_word' id='word_1_324' title='bbox 718 3162 757 3205; x_wconf 82' lang='grc'><strong>9.</strong></span> <span class='ocrx_word' id='word_1_325' title='bbox 778 3164 821 3217; x_wconf 70' lang='grc' dir='ltr'><strong>ς.</strong></span> <span class='ocrx_word' id='word_1_326' title='bbox 843 3165 909 3206; x_wconf 85' lang='grc'><strong>15.</strong></span> <span class='ocrx_word' id='word_1_327' title='bbox 929 3169 1025 3209; x_wconf 91' lang='lat' dir='ltr'><strong>not.</strong></span> 
     </span>
     <span class='ocr_line' id='line_1_37' title="bbox 340 3226 1722 3294; baseline 0.001 -15"><span class='ocrx_word' id='word_1_328' title='bbox 340 3226 564 3294; x_wconf 74' lang='lat' dir='ltr'><strong>Spinoza</strong></span> <span class='ocrx_word' id='word_1_329' title='bbox 600 3234 692 3283; x_wconf 87' lang='lat'>111.</span> <span class='ocrx_word' id='word_1_330' title='bbox 1230 3265 1235 3269; x_wconf 84' lang='lat'>-</span> <span class='ocrx_word' id='word_1_331' title='bbox 1657 3230 1722 3285; x_wconf 76' lang='lat'><strong>21</strong></span> 
     </span>
    </p>
   </div>
  </div>
 </body>
</html>
