2548 3485
1176 4 1269 17 μὴν,

314 172 440 233 206
709 164 1098 221 TRAcTATt'Js
1133 172 1537 221 Tflssunoelco
1550 173 1801 220 -PoLrL

315 368 659 421 unaquaeque
678 366 836 405 suum
857 366 1074 419 regnum
1094 343 1333 404 sine‘ulla
1352 352 1561 405 alterius
1578 352 1917 420 repugnantia
1948 352 2196 419 obtineat,

313 437 365 481 et
383 431 522 497 quod
543 432 769 498 denique
783 469 798 493 ,
819 430 910 482 ubi
931 431 1050 481 data
1070 429 1168 481 fuit
1187 432 1412 492 occasio,
1435 432 1589 481 etiam
1610 430 1926 482 ostenderim
1948 429 2196 492 absurda,

312 508 642 561 incommoda
663 516 716 560 et
735 508 945 571 damna,
989 522 1122 573 quae
1141 515 1315 559 secuta
1334 515 1461 559 sunt
1475 522 1536 560 ex
1556 522 1617 560 eo
1632 547 1646 569 ,
1686 508 1827 573 quod
1848 508 2089 559 homines
2108 507 2201 558 has

313 584 445 637 duas
486 585 756 637 facultates
789 586 934 635 miris
973 585 1145 636 modis
1182 585 1315 636 inter
1348 600 1407 637 se
1446 584 1799 647 confuderint,
1838 599 1935 636 nee
1970 592 2201 637 accurate

314 664 452 715 inter
496 664 638 729 ipsas
687 664 1034 728 distinguere,
1085 676 1353 728 unamque
1396 663 1464 715 ab
1512 662 1610 713 alia
1655 675 1896 729 separare
1934 663 2200 714 sciverint.

311 742 402 793 44.
457 742 564 791 Iam
601 747 878 805 antequam
911 740 982 791 ad
1017 739 1116 790 alia
1153 754 1397 807 pergam,
1444 740 1529 791 bic
1564 754 1805 807 expresse
1842 743 2051 790 monere
2087 738 2202 791 volo

315 818 551 883 (tametsi
571 818 673 867 iam
695 816 890 868 dictum
913 817 1007 885 sit)
1028 819 1078 879 ι)
1105 818 1238 868 circa
1269 814 1543 870 utilitatem
1574 824 1625 869 et
1645 816 2008 869 necessitatem
2026 830 2203 869 sacrae

315 895 600 961 scripturae
645 896 752 945 sive
796 895 1121 947 revelationis
1143 933 1158 957 ‚
1215 893 1357 960 quod
1404 896 1569 962 ipsam
1625 908 1955 962 permagnam
2012 900 2199 945 statuo.

314 971 447 1021 Nam
495 971 922 1039 qnandoquidem
955 988 1061 1023 non
1089 987 1373 1038 possumus
1408 974 1604 1023 lumine
1637 972 1882 1023 nattes-ali
1904 974 2198 1039 percipere,

313 1046 458 1115 quod
481 1050 711 1115 simplex
738 1049 1038 1100 obedienda
1056 1052 1146 1099 via
1165 1048 1241 1099 ad
1254 1049 1483 1100 salutem
1498 1052 1575 1101 sit
1584 1049 1640 1118 ²)
1656 1088 1671 1112 ,
1710 1049 1805 1100 sed
1818 1050 1932 1100 sola
1949 1050 2203 1099 revelatio

313 1124 529 1187 doceat,
571 1125 631 1176 id
655 1142 728 1177 ex
751 1128 1023 1193 ringulam·
1047 1126 1154 1177 Dei
1179 1130 1396 1193 gratia,
1436 1142 1596 1193 quam
1622 1130 1831 1178 ratione
1861 1128 2072 1193 assequi
2100 1142 2206 1177 non

308 1218 615 1269 possumus,
639 1204 803 1269 fieri,
834 1204 953 1255 hinc
983 1198 1252 1269 sequitur,
1292 1204 1613 1271 scripturam
1642 1218 1890 1268 magnum
1920 1203 2203 1254 admodum

315 1280 548 1331 solamen
571 1279 874 1332 mortalibus
893 1280 1153 1333 attulisse.
1196 1282 1284 1332 45.
1307 1280 1513 1347 Quippe
1535 1295 1719 1331 omnes
1738 1279 1975 1332 absolute
1994 1280 2204 1332 obedire

315 1364 569 1422 possunt,
610 1366 660 1409 et
677 1372 782 1411 non
805 1358 904 1409 nisi
927 1358 1233 1425 paucissimi
1256 1366 1407 1420 sunt,
1442 1359 1627 1409 sicum
1650 1365 1755 1408 toto
1777 1358 2002 1409 humano
2020 1373 2203 1423 genere

317 1442 706 1503 comparentur,
744 1437 837 1501 >qui
868 1436 1074 1488 virtutis
1105 1434 1341 1488 habitum
1372 1448 1433 1486 ex
1458 1436 1569 1486 solo
1600 1435 1811 1487 rationis
1842 1433 1999 1486 ductu
2020 1436 2207 1501 acqui—

317 1519 465 1573 runt,
506 1510 740 1579 adeoque
779 1513 879 1565 nisi
907 1512 1006 1564 hoc
1037 1514 1335 1578 scripturae
1370 1513 1724 1563 testimonium
1761 1510 2097 1574 haberemus,
2138 1511 2205 1564 de

317 1590 551 1641 omnium
571 1591 676 1643 iere
694 1590 864 1643 salute
883 1589 1259 1641 dubitaremus.

355 1829 538 1892 CAP.
598 1829 767 1892 XVI.
863 1831 957 1891 De
1011 1831 1375 1912 reipublicae
1426 1829 1857 1903 fundamentis3
1917 1829 1994 1890 de
2046 1833 2169 1890 iure

384 1927 850 2005 uniuscuiusque
897 1925 1142 1986 naturali
1189 1933 1252 1986 et
1296 1923 1482 1996 civili;
1540 1925 1735 2006 deque
1778 1944 2136 1985 summarum

986 2025 1352 2100 potestatum
1390 2020 1533 2080 iure.

418 2189 538 2240 Huc
577 2202 746 2255 usque
783 2188 1162 2255 philosophiam
1193 2203 1222 2239 a
1256 2188 1511 2253 theologia
1551 2201 1787 2254 separare
1824 2189 2119 2240 curavimus
2155 2195 2209 2240 et

314 2266 606 2318 libertatem
643 2266 1043 2333 philosophandi
1081 2265 1381 2328 ostendere,
1424 2279 1578 2330 quam
1616 2265 1741 2316 haec
1768 2265 2049 2330 unicuique
2078 2278 2209 2316 con-

318 2343 474 2394 cedit.
546 2343 721 2406 Quare
763 2351 968 2410 tempus
1005 2349 1113 2405 est,
1154 2351 1211 2394 ut
1247 2343 1608 2408 inquiramuS,
1654 2356 1778 2407 quo
1814 2355 2019 2407 usque
2056 2341 2209 2393 haec

316 2419 592 2472 libertas
627 2420 959 2472 sentiendi
999 2426 1060 2470 et
1093 2434 1255 2487 quae
1300 2421 1758 2485 unusquisque
1802 2420 2045 2482 sentit,
2104 2419 2208 2488 di·-

317 2496 506 2550 cendi
541 2498 605 2547 in
643 2497 883 2562 optima
921 2495 1256 2562 republica
1294 2511 1359 2548 se
1396 2496 1717 2548 extendat.
1790 2497 1903 2548 Hoc
1941 2503 2001 2548 ut
2029 2495 2207 2548 ordine

317 2575 696 2636 examinemus,
731 2572 802 2625 de
831 2573 1268 2626 fundamentis
1300 2573 1700 2641 reipublicae
1733 2572 2123 2637 disserendum,
2158 2580 2209 2623 et

316 2653 463 2719 prius
501 2650 573 2702 de
609 2651 746 2704 iure
783 2651 1062 2702 naturali
1101 2651 1673 2716 uniuscuiusque,
1730 2649 1798 2700 ad
1835 2648 2207 2716 rempublicam

319 2738 369 2782 et
387 2728 686 2794 religionem
706 2727 943 2780 nondum
965 2729 1314 2780 attendentes.

421 2901 464 2950 ι)
500 2897 600 2944 vid.
621 2896 834 2954 inprimis
855 2896 895 2948 §.
915 2897 984 2938 2⁴1.
1003 2899 1073 2942 ³4.
1092 2897 1161 2941 3¹1.

420 2967 464 3016 2)
503 2965 603 3010 Hoc
623 2971 719 3021 eat,
741 2965 868 3023 quod
889 2965 946 3009 ad
967 2965 1169 3010 salutem
1189 2977 1229 3010 e.
1250 2965 1589 3012 beatitudinem
1608 2965 1724 3012 satis
1744 2965 1828 3016 ait,
1848 2965 2000 3010 divina
2022 2964 2207 3009 decreta

321 3029 562 3077 tamquam
586 3025 687 3070 iura
707 3026 804 3070 aive
823 3025 1041 3070 mandata
1063 3024 1311 3082 amplecti,
1352 3039 1439 3071 nec
1467 3039 1585 3082 opus
1613 3026 1698 3079 sit,
1736 3026 1901 3070 eadem
1922 3030 1973 3069 ut
1991 3029 2205 3069 aeternas

322 3081 540 3124 veritates
562 3084 832 3138 concipere,
872 3097 964 3128 non
985 3086 1130 3137 ratio,
1161 3086 1242 3130 sed
1264 3085 1484 3132 revelatio
1506 3087 1677 3136 dooere
1702 3092 1881 3144 potest,
1918 3091 1970 3131 ut
1997 3089 2125 3142 patet
2152 3094 2207 3127 ex

325 3138 656 3186 demonstratis
677 3155 780 3200 cap.
801 3145 876 3190 lv.
899 3144 958 3196 (§·
980 3147 1045 3190 10.
1065 3148 1191 3203 sqq.)
1246 3141 1335 3202 Sp.
