2548 3485
1109 192 1243 236 car.
1300 191 1410 237 vn.
2080 187 2106 246 1
2123 189 2199 247 13

319 367 604 420 Hebraicae
638 367 886 434 integram
921 368 1266 434 cognitionem
1303 369 1469 434 exigit.
1541 365 1612 419 At
1646 365 1769 418 haec
1804 367 1941 420 unde
1969 369 2071 421 iam
2101 385 2199 436 pe-

320 442 510 497 tenda?
579 447 665 496 45.
702 444 918 511 Antiqui
955 445 1159 511 linguae
1183 444 1468 497 Hebraieae
1507 445 1726 496 cultores
1762 445 1887 496 nihil
1917 448 2199 512 posteritati

323 525 386 574 de
413 522 768 575 fundamentis
795 529 844 572 et
874 522 1101 574 doctrina
1120 521 1276 574 huius
1297 523 1499 588 linguae
1516 523 1861 588 reliquerunt;
1901 538 1997 574 nos
2016 524 2199 576 saltem

323 599 387 650 ab
417 600 602 651 iisdem
634 598 765 650 nibil
791 613 1006 666 prorsus
1025 598 1303 652 babemus:
1345 615 1449 651 non
1469 599 1634 651 ullum
1654 599 2011 652 dictionarium
2032 615 2199 667 neque

323 677 734 743 grammaticam,
773 690 940 742 neque
978 675 1297 730 rhetoricam.
1367 676 1605 729 Hebraea
1640 684 1813 728 autem
1852 677 1989 728 natio
2026 679 2199 729 omnia

323 760 618 804 ornamenta
637 767 895 819 omneque
913 753 1074 806 decus
1095 753 1317 821 perdidit
1336 757 1455 818 (nec
1472 755 1679 816 mirum,
1706 760 1978 820 postquam
1998 762 2072 805 tot
2089 755 2199 807 ela—-

325 831 415 882 des
435 839 484 881 et
501 831 889 897 persecutiones
908 845 1062 896 passa
1082 831 1204 900 est),
1229 845 1323 883 nec
1343 833 1442 884 nisi
1463 845 1623 899 pauca
1644 831 1893 896 quaedam
1915 831 2199 898 fragmenta

322 906 528 972 linguae
556 914 607 958 et
635 921 918 972 paucorum
947 908 1194 960 librorum
1225 909 1462 969 retinuit;
1503 909 1674 963 omnia
1704 908 1841 959 enim
1869 907 1972 960 fere
1992 910 2200 961 nomina

321 983 615 1044 fructuum,
671 985 868 1046 avium,
920 986 1142 1052 piscium
1182 992 1232 1036 et
1266 985 1521 1052 permulta
1558 985 1655 1036 alia
1692 992 1981 1049 temporum
2016 986 2201 1038 iniuria

323 1062 538 1127 periere.
613 1059 930 1124 significatio
977 1061 1162 1112 deinde
1199 1063 1477 1114 multorum
1516 1063 1781 1114 nominum
1822 1069 1871 1112 et
1907 1060 2197 1125 verborum,

323 1138 539 1205 quaein
566 1135 750 1188 Bibliis
777 1146 1077 1201 occurrunt,
1119 1139 1194 1190 vel
1232 1154 1444 1206 prorsus
1480 1140 1767 1204 ignoratur,
1810 1139 1887 1191 vel
1922 1139 1987 1191 de
2022 1139 2201 1190 eadem

322 1215 634 1282 disputatur.
707 1217 792 1266 46.
833 1216 1009 1278 Quum
1031 1215 1157 1267 haec
1177 1216 1369 1278 omnia,
1394 1223 1503 1266 tum
1525 1216 1795 1287 praecipue
1817 1215 1973 1268 buius
1994 1216 2199 1283 linguae

324 1292 728 1358 phraseologiam
773 1292 1159 1353 desideramus;
1216 1293 1331 1344 eius
1378 1294 1515 1344 enim
1561 1293 1775 1359 phrases
1820 1300 1870 1343 et
1906 1293 2088 1343 modos
2125 1293 2205 1344 lo-

325 1368 516 1434 quendi
533 1407 546 1430 ,
585 1366 852 1420 Hebraeae
872 1370 1065 1420 nationi
1087 1370 1371 1435 peculiares
1386 1409 1399 1432 ,
1440 1384 1621 1421 omnes
1648 1368 1753 1420 fere
1773 1376 1979 1434 tempus
1998 1368 2123 1420 edax
2142 1384 2202 1420 ex

323 1445 592 1496 bominum
622 1448 868 1496 memoria
897 1446 1134 1498 abolevit.
1207 1449 1323 1499 Non
1351 1449 1524 1512 itaque
1552 1461 1757 1514 semper
1791 1447 2103 1511 poterimu3‚
2144 1453 2202 1497 ut

326 1522 707 1583 desideramus,
749 1537 928 1574 omnes
957 1525 1373 1590 uniuscuiusque
1402 1524 1645 1575 orationis
1674 1537 1891 1583 sensuS,
1930 1536 2061 1587 quos
2091 1525 2203 1589 ipsa

326 1613 384 1650 ex
401 1599 607 1666 linguae
634 1613 739 1650 usu
769 1599 1033 1650 admittere
1053 1608 1248 1668 potest,
1291 1602 1618 1666 investigare,
1658 1607 1709 1651 et
1727 1599 1916 1651 multae
1934 1606 2204 1650 occurrent

325 1676 606 1739 orationes,
650 1677 886 1742 quamvis
915 1679 1201 1729 notissimis
1227 1677 1443 1729 vocibus
1462 1691 1757 1745 expressae,
1797 1691 2015 1742 quarum
2034 1684 2202 1728 tamen

325 1769 516 1807 sensus
535 1752 942 1805 obscurissimus
963 1757 1059 1805 erit
1081 1763 1131 1806 et
1148 1756 1300 1821 plane
1318 1754 1757 1822 imperceptibilis·
1834 1754 1919 1806 47.
1954 1754 2036 1808 Ad
2057 1753 2198 1817 baec,

327 1832 465 1895 quod
491 1831 690 1882 scilicet
709 1831 912 1897 linguae
931 1829 1196 1883 Hebraeae
1217 1832 1495 1897 perfectam
1518 1832 1779 1883 historiam
1800 1847 1901 1883 non
1918 1846 2203 1898 possumus

325 1906 539 1969 babere,
578 1908 773 1961 accedit
797 1910 910 1974 ipsa
940 1908 1097 1960 huius
1125 1910 1331 1973 linguae
1362 1910 1654 1961 constitutio
1684 1917 1733 1960 et
1761 1905 2065 1968 natura3'ex
2100 1922 2203 1973 qua

327 1991 402 2035 tot
428 1986 665 2037 oriuntur
691 1984 1082 2049 ambiguitateS,
1123 1986 1519 2052 utimpossibile
1547 1988 1614 2037 sit
1639 1986 1791 2036 talem
1827 1986 2050 2037 invenire
2088 2000 2203 2035 me-

326 2060 632 2131 thodum*)‚
681 2077 812 2128 quae
847 2078 1023 2115 verum
1061 2078 1277 2114 sensum
1314 2064 1547 2115 omnium
1586 2062 1872 2114 orationum
1913 2062 2203 2126 scripturae

327 2146 464 2190 certo
485 2140 664 2191 doceat
681 2140 1003 2205 investigare.
1041 2141 1170 2192 Nam
1194 2146 1393 2206 praeter
1410 2138 1805 2205 ambiguitatum
1825 2152 2009 2188 causas
2030 2138 2205 2199 omni-ff

326 2214 427 2267 bus
462 2215 652 2281 linguis
689 2231 992 2267 communes
1028 2218 1283 2283 quaedam
1318 2216 1446 2267 aliae
1474 2217 1526 2266 in
1563 2215 1658 2266 bac
1694 2216 1865 2279 lingua
1894 2215 2107 2275 dantur,
2146 2228 2205 2265 ex

328 2291 520 2357 quibus
540 2290 823 2359 permultae
844 2302 1128 2345 nascuntur
1145 2293 1524 2359 ambiguitates,
1579 2292 1685 2343 Eas
1705 2292 1786 2342 bic
1806 2298 1995 2355 notare,
2020 2305 2203 2358 operae

330 2370 547 2434 pretium
568 2370 724 2423 duco.
1618 2402 1622 2409 »

430 2446 518 2497 48.
555 2447 724 2499 Prima
754 2448 916 2499 oritur
943 2448 996 2498 in
1013 2415 1197 2497 Bibliis
1225 2461 1379 2512 saepe
1397 2444 1711 2511 ambiguitas
1732 2452 1781 2497 et
1800 2446 2086 2497 orationum
2106 2444 2205 2497 ob-

329 2523 546 2575 scuritas
575 2539 632 2575 ex
662 2539 748 2586 eo,
789 2525 928 2590 quod
947 2524 1120 2576 literae
1139 2525 1373 2575 eiusdem
1394 2524 1568 2589 organi
1587 2537 1721 2573 unae
1741 2538 1834 2588 pro
1853 2524 1966 2575 aliis
1984 2538 2204 2575 suman-

331 2605 433 2650 tur.
496 2601 748 2652 Dividunt
765 2602 967 2653 scilicet.
983 2599 1198 2652 Hebraei
1219 2615 1400 2651 omnes
1417 2596 1693 2667 Alpbabeti
1712 2598 1915 2651 literas·
1902 2616 1953 2651 m
1976 2602 2203 2665 quinque

331 2676 554 2738 classes»,
593 2685 800 2744 propter
828 2679 1062 2743 quinque
1086 2679 1189 2728 oris
1226 2679 1595 2738 instrumenta,
1626 2676 1768 2742 'quae
1803 2676 2203 2743 pronuntiationi

257 2781 263 2785 -
329 2752 640 2816 inserviunt,
691 2768 875 2821 nempe
921 2754 1082 2814 labia,
1131 2754 1335 2819 lingua,
1381 2754 1588 2815 denteS,
1639 2753 1867 2818 palatum
1915 2760 1965 2804 et
2008 2758 2201 2817 guttur.

329 2838 422 2889 Ex.
445 2854 521 2905 gr.
546 2844 806 2911 ’ΠἭῚἿἺΝ
845 2836 1045 2907 Alphe,
1087 2838 1246 2901 Ghet,
1285 2839 1480 2918 again,
1521 2839 1602 2890 He
1648 2838 1927 2905 gutturales
1961 2843 2206 2888 vocantur

330 2932 380 2975 et
397 2926 512 2977 sine
529 2925 635 2977 ullo
655 2924 978 2989 discrimine,
1008 2923 1160 2977 nobis
1180 2924 1361 2976 saltem
1380 2930 1531 2986 noto,
1554 2938 1654 2974 una
1673 2938 1769 2989 pro
1788 2923 1885 2974 alia
1902 2930 2199 2989 usurpatur.

432 3094 472 3145 ‘)
509 3094 654 3139 Nobis
683 3094 887 3152 scilicet,
917 3095 997 3153 qui
1023 3095 1135 3159 huie
1158 3093 1346 3151 linguae
1363 3106 1458 3139 non
1476 3076 1773 3138 adsuevimus
1792 3096 1839 3135 et
1856 3090 1956 3135 eiua
1975 3088 2201 3146 phraseo-

331 3150 505 3208 logiam
523 3154 860 3199 desideramus.
917 3154 1002 3210 Sp.

400 3221 626 3289 Spinoza
663 3226 753 3276 111.
1260 3222 1264 3226 ’
1746 3221 1779 3271 8
