2548 3485
340 150 465 211 260
733 156 1132 229 ΤΒΔΟΤΑΤΠδ.
1159 156 1563 205 TflEoLoelco
1577 185 1601 195 -
1611 158 1823 203 POLIT.

339 339 392 385 et
413 334 626 401 privati,
667 332 865 402 quibus
891 348 988 387 sua
1020 340 1220 387 tentum
1251 336 1453 402 negotia
1481 349 1657 389 curare
1684 333 1964 403 incumbit)
1999 333 2075 388 vel
2112 333 2221 397 alii,

288 459 294 465 .
336 424 501 477 penes
538 426 676 479 quos
705 413 792 484 ins
819 414 953 464 circa
979 426 1124 465 sacra
1151 428 1268 465 esse
1302 414 1441 476 vult,
1478 413 1623 481 impii
1647 427 1767 465 esse
1793 413 1977 477 velint,
2016 428 2081 464 an
2113 421 2219 465 tum

338 490 490 542 etiam
520 490 762 542 eiusdem
799 491 1106 557 interpretes
1128 485 1353 542 habendi
1374 487 1586 543 sunt?“
1658 492 1746 543 47.
1784 490 1991 545 Certum
2012 490 2223 556 quidem

338 574 435 633 est,
471 567 612 633 qnod
631 568 756 631 sili,
791 568 880 633 qui
899 559 1176 636 imperium
1196 575 1391 632 tenent,
1425 581 1530 635 qua
1546 568 1703 631 iuvat,
1726 567 1801 619 ire
1819 568 1993 630 velint,
2016 568 2123 619 sive
2142 569 2224 619 ius

337 643 472 697 circa
488 657 638 697 sacra
655 643 893 707 habeant,
917 646 1024 697 sive
1041 646 1236 709 minus,
1257 646 1431 697 omnin
1454 654 1559 699 tam
1578 658 1741 709 sacra,
1762 660 1917 711 quam
1938 646 2148 713 prolana
2162 646 2223 697 in

337 721 564 773 deterius
603 730 780 785 rnent3
817 730 870 774 et
905 722 1058 790 longe
1097 723 1281 786 citius,
1320 724 1369 775 si
1406 724 1498 789 qni
1522 724 1624 778 -viri
1656 724 1835 791 privati
1862 724 2107 775 seditiose
2137 724 2222 773 ius

336 798 568 853 divinum
595 799 854 851 vindicare
883 799 1058 853 velint.
1129 802 1222 853 48.
1261 800 1591 869 Quapropter
1616 801 1715 853 hoc
1743 800 1927 852 iisdem
1956 801 2041 853 ius
2058 800 2225 853 dene-

321 871 510 942 ‘gando
539 875 668 928 nibil
694 874 937 930 absolute
966 886 1320 949 promovetur,
1346 878 1453 930 sed
1471 885 1647 930 contra
1668 878 1863 931 malum
1880 878 2048 944 magis,
2064 891 2227 943 ange-

335 962 445 1017 tnr;
485 967 604 1005 nam
643 952 739 1005 boc
775 954 890 1021 ipso
917 954 998 1018 fit,
1042 964 1102 1007 nt
1127 956 1418 1009 necessario
1448 956 1629 1022 (sicuti
1656 954 2013 1011 Hebraeorum
2049 969 2221 1021 εοεαε,
2296 1012 2303 1019 ,

337 1030 532 1097 quibus
553 1030 754 1083 hocius
773 1046 877 1084 non
897 1032 1137 1095 absolute
1147 1025 1465 1087 'concessum
1486 1034 1613 1101 l'uit)
1633 1033 1781 1099 impii
1800 1032 1933 1097 sint,
1974 1039 2025 1085 et
2040 1047 2225 1085 conse-

311 1175 315 1179 ·
337 1115 555 1173 quentel-
581 1114 641 1160 ut
659 1109 820 1160 totius
841 1108 1156 1176 reipublicae
1175 1110 1425 1163 damnum
1444 1118 1499 1163 et
1516 1110 1708 1162 malum
1730 1124 1790 1161 nx
1810 1110 2005 1163 incerto
2022 1117 2075 1161 et
2092 1122 2223 1162 con-

335 1186 566 1251 tingente
611 1192 826 1253 certum·
855 1193 908 1238 et
943 1189 1293 1241 necessarium
1334 1187 1595 1241 reddetur.
1676 1189 1761 1241 49.
1808 1188 1923 1238 Sive
1960 1187 2115 1253 igitur
2152 1188 2227 1238 rei

337 1264 632 1326 veritatem,
673 1262 780 1314 sive
808 1265 1007 1332 imperii
1038 1261 1395 1329 securitatem,
1436 1267 1543 1317 sive
1574 1265 1800 1330 deniqne
1830 1265 2034 1330 pietatis
2055 1266 2225 1315 incre-

337 1347 570 1393 mentum
589 1347 914 1407 spectemus,
948 1350 1172 1397 statuere
1193 1344 1457 1414 cogimur,
1482 1343 1567 1394 ins
1586 1342 1739 1393 etiam
1762 1341 1992 1393 divinum
2014 1340 2123 1394 sive
2140 1342 2225 1393 ius

337 1418 470 1469 circa
504 1431 648 1469 secra
685 1429 716 1468 a
753 1417 956 1471 decreto
993 1433 1317 1472 summarum
1354 1427 1665 1488 potestatum
1701 1417 1937 1470 absolute
1974 1419 2217 1485 pendere,

324 1509 530 1561 ‘easque
555 1494 790 1547 eiusdem
817 1496 1130 1565 interpretes
1157 1510 1274 1549 esse
1300 1504 1354 1549 et
1377 1497 1633 1557 vindicem
1672 1510 1733 1547 ex
1752 1495 1947 1560 quibus
1958 1496 2217 1562 seqnitur,

336 1570 456 1623 illos
475 1572 568 1625 Dei
589 1570 728 1624 verbi
749 1573 1016 1626 ministros
1035 1588 1178 1636 esse,
1209 1574 1300 1639 qui
1321 1572 1573 1641 populum
1592 1587 1653 1625 ex
1670 1574 1969 1625 auctoritate
1988 1586 2225 1625 summa-

339 1663 456 1700 rum
492 1657 804 1716 potestatum
843 1652 1089 1717 pietatem
1123 1649 1339 1712 docent,
1377 1658 1535 1717 prout
1568 1650 1775 1717 ipsa-ex
1808 1664 1981 1703 esrum
2020 1649 2223 1701 decreto

341 1724 582 1792 publicae
601 1726 810 1779 utilitati
830 1727 1212 1780 accommodata
1231 1733 1334 1801 est.

441 1807 526 1856 5⁰.
563 1805 812 1869 Superest
829 1805 932 1856 iam
951 1805 1172 1870 cansam'
1186 1806 1343 1860 etiam
1364 1804 1593 1858 indicare
1610 1845 1625 1869 ,
1664 1820 1758 1858 cnr
1776 1817 1981 1873 semper
1998 1805 2051 1857 iu
2070 1804 2227 1872 ,chri-

338 1879 509 1932 stiano
529 1880 746 1947 imperio
765 1881 831 1934 de
849 1880 948 1952 hoc
965 1883 1078 1936 iure
1095 1883 1438 1949 disceptatum
1456 1883 1585 1945 fnit3
1624 1898 1787 1950 quum
1806 1891 1977 1934 tomen
1994 1882 2225 1936 Hebraei
2302 1885 2307 1890 '

338 1970 656 2023 numquam,
696 1958 838 2025 quod
877 1961 1066 2023 sciam,
1106 1962 1172 2014 dc
1205 1962 1389 2014 eodem
1418 1961 1757 2027 embegerint.
1830 1961 1966 2014 Sane
1994 1968 2227 2013 monstro

337 2035 506 2088 simile
536 2033 688 2086 videri
721 2045 926 2104 posset,
967 2039 1108 2105 quod
1128 2037 1196 2091 de
1212 2053 1267 2090 re
1284 2045 1389 2090 tam
1412 2040 1913 2103 manifeste-tamque
1932 2039 2223 2092 necessaria

339 2113 572 2177 quaestio
600 2127 806 2179 semper
832 2114 986 2167 fuerit
999 2154 1014 2179 ,
1055 2123 1110 2167 et
1124 2115 1267 2182 quod
1288 2115 1525 2168 summes
1544 2121 1825 2183 potestates
1842 2115 2045 2168 hocius
2066 2129 2223 2168 num-

338 2201 493 2254 quam
516 2192 712 2258 absque
733 2194 1074 2256 controversia
1091 2232 1106 2255 ,
1147 2195 1251 2245 imo
1273 2207 1557 2259 numquam
1578 2194 1681 2244 nisi
1702 2206 1885 2258 magno
1906 2191 2223 2245 seditionum

337 2267 569 2334 periculo
585 2276 640 2320 et
657 2268 920 2335 religionis
938 2270 1249 2323 detrimento
1269 2269 1563 2322 habuerint.
1636 2269 1722 2322 51.
1750 2269 1984 2321 Profecto
2002 2269 2225 2323 sinnius

337 2345 410 2395 rei
441 2345 636 2396 nnllam
663 2354 854 2398 certam
885 2361 1094 2400 cansam
1123 2349 1386 2414 assignare
1414 2361 1720 2413 possemus,
1758 2347 1907 2398 facile
1944 2347 2068 2399 mihi
2105 2360 2229 2411 per-

337 2422 610 2474 suaderem
626 2461 642 2486 ,
683 2427 854 2477 omnia
867 2462 882 2489 ,
918 2423 1050 2492 quae
1069 2426 1122 2476 in
1141 2425 1238 2478 hoe
1257 2425 1423 2491 capite
1442 2422 1672 2488 ostendi,
1704 2439 1807 2476 non
1826 2425 1927 2476 nisi
1945 2423 2221 2496 theoretica

333 2502 451 2550 'esse
466 2538 481 2563 ,
504 2500 613 2552 slve
631 2515 690 2552 ex
709 2517 888 2554 earum
907 2502 1322 2569 speculationum
1340 2515 1527 2567 genere
1539 2539 1553 2563 ,
1577 2515 1711 2567 qnae
1732 2515 2019 2567 numquam
2042 2515 2099 2552 ex
2118 2515 2222 2552 usn

338 2591 454 2629 esse
481 2585 722 2644 possunt.
795 2579 1006 2632 Etenim
1033 2583 1145 2649 ipsa
1165 2578 1443 2649 primordia
1464 2579 1791 2631 Christianae
1814 2578 2075 2644 religionis
2094 2585 2226 2630 con-

337 2655 588 2707 sideranti
616 2655 770 2706 huius
799 2657 872 2708 rei
901 2670 1055 2710 causa
1085 2672 1203 2712 sese
1231 2657 1443 2710 omnino
1463 2655 1774 2712 manifestat.
1850 2657 1935 2707 52.
1978 2653 2227 2708 Christia-

337 2745 456 2784 nam
505 2745 746 2802 numque,
771 2734 1072 2799 religionem
1121 2749 1224 2788 non
1261 2748 1409 2801 reges
1446 2735 1602 2801 primi
1637 2733 1950 2794 docuerunt,
2000 2731 2095 2784 sed
2130 2733 2225 2784 viri

336 2810 546 2875 privati,
589 2811 679 2876 qui
710 2811 884 2863 invitis
911 2813 1002 2873 iis,
1045 2813 1134 2879 qul
1155 2813 1433 2879 imperinm
1452 2808 1696 2863 tenebant
1712 2819 1765 2862 et
1783 2823 2006 2884 quorum
2024 2808 2226 2862 subditi

339 2892 501 2962 erant,
523 2888 736 2953 privatis
757 2888 986 2942 ecelesiis
1005 2890 1318 2950 concionari,
1340 2902 1483 2941 saera
1505 2887 1667 2940 officia
1687 2889 1977 2949 instituere,
1998 2886 2227 2938 admini-

338 2967 500 3012 strare
537 2970 587 3012 et
621 2965 717 3015 soli
753 2967 928 3027 omnia
955 2967 1193 3018 ordinare
1221 2974 1272 3019 et
1300 2967 1585 3027 dect-ctare,
1624 2966 1765 3017 nulla
1794 2965 1999 3031 imperii
2030 2964 2225 3016 ratione

338 3034 538 3097 habita,
578 3038 666 3091 diu
695 3032 1091 3110 consueverunt.
1167 3043 1250 3094 53.
1290 3044 1465 3107 Quum
1497 3050 1669 3094 autem
1699 3041 1877 3094 multis
1903 3042 2005 3094 iam
2036 3041 2225 3109 elapsis

340 3113 488 3161 annis
511 3115 687 3181 religio
707 3117 760 3169 in
783 3120 1062 3188 imperium
1079 3119 1339 3172 introduci
1359 3120 1579 3187 incepit,
1620 3119 1955 3173 ecelesiastici
1982 3116 2221 3183 eandem,
