2548 3485
400 112 481 191 78
790 134 1181 180 Tnac‘ra'rns
1218 121 1875 182 Tnnonoelco-Ponri’.

395 313 561 378 magis
591 319 888 376 teneantur,
927 325 1084 379 quam
1119 320 1392 379 antequam
1430 327 1606 365 eorum
1644 314 1861 365 societas
1901 318 1953 365 et
1990 313 2281 380 respublica

393 389 672 456 inceperim
713 391 840 442 dum
869 392 1007 440 enim
1034 391 1168 441 inter
1191 391 1319 441 alias
1348 392 1583 442 nationes
1612 398 1729 442 ante
1760 392 1949 442 exitum
1970 405 2029 442 ex
2047 389 2281 458 Aegypto

395 467 656 528 vixerunt,
688 466 857 525 nullas
878 467 1016 532 leges
1035 467 1319 533 peculiares
1340 465 1657 529 hahuerunt,
1698 482 1790 519 nec
1812 468 1917 519 ullo
1940 469 2043 520 nisi
2064 471 2281 523 naturali

395 545 504 596 inre
524 551 574 595 et
591 545 707 596 sine
727 543 888 594 dubio
909 546 1060 596 etiam
1073 546 1192 597 inre
1211 544 1549 610 reipublicae,
1592 547 1643 596 in
1664 560 1768 610 qua
1788 544 2052 607 viv-ebant',
2094 556 2281 612 quate-

303 640 311 648 ·
392 621 615 686 nnslcgi
634 621 839 672 divinae
857 622 1075 672 naturali
1099 637 1201 673 non
1221 621 1557 688 repugnabat,
1600 621 1923 699 terrebantur.
2000 624 2084 674 16.
2126 625 2281 686 Quod

292 761 296 767 Ι
393 705 566 749 autem
585 697 898 765 patriarchae
925 700 1036 750 Deo
1065 699 1505 762 sacrificaverunt,·
1543 700 1595 750 id
1628 700 1812 751 fecisse
1842 707 1969 766 puto
1978 708 2016 763 ‚·
2036 707 2095 752 ut
2124 716 2283 759 suum

394 777 655 837 animum,
693 789 851 840 quem
877 789 908 826 a
938 777 1156 841 pueritia
1186 777 1452 827 sacrifieiis
1480 784 1748 828 assuetum
1787 774 2075 838 habebant,
2116 781 2281 842 magis

393 853 458 904 ad
488 851 808 903 devotionem
835 854 1130 914 incitarent;
1174 869 1355 905 omnes
1384 855 1520 916 enim
1551 846 1787 904 homines
1820 868 1848 904 a
1878 860 2104 920 tempore
2134 855 2279 905 Enos'

395 929 658 1001 sacrificiis
677 930 828 996 plane
848 924 1246 993 consueverant,
1265 933 1341 982 ita
1362 938 1419 982 ut
1434 931 1501 982 iis
1529 933 1745 981 maxime
1766 930 1829 982 ad
1853 931 2171 981 devotionem
2194 931 2281 983 ill-²

395 1007 690 1058 citarentur.
762 1007 1082 1059 Patriarchee
1102 1009 1256 1074 igitur
1276 1022 1381 1060 non
1405 1022 1462 1059 ex
1481 1009 1591 1058 iure
1611 1007 1783 1074 aliquo
1804 1007 1974 1058 divino
1996 1008 2280 1074 imperante

390 1084 468 1136 vel
495 1099 554 1134 ex
581 1083 958 1136 universalibus
989 1085 1341 1136 fundamentis
1372 1085 1498 1150 legis
1526 1084 1725 1136 divinae
1746 1085 1910 1136 edocti
1926 1124 1939 1146 ,
1980 1085 2071 1135 sed
2092 1099 2149 1136 ex
2171 1087 2281 1138 sola

350 1164 356 1171 '
389 1162 534 1212 illius
556 1163 804 1228 temporis
823 1162 1200 1214 consuetudine
1217 1164 1329 1213 Deo
1350 1154 1757 1214 sacrificaverunt
1771 1201 1784 1222 ,
1825 1168 1876 1212 et
1904 1162 1949 1210 si
1982 1175 2041 1212 ex
2061 1161 2279 1213 alicuius

392 1240 635 1290 mandato
653 1239 706 1291 id
727 1239 984 1304 fecerunt,
1008 1239 1308 1290 mandatum
1333 1238 1461 1289 illud
1482 1239 1683 1290 nullum
1704 1237 1843 1289 alind
1864 1237 1987 1301 fuit,
2014 1251 2171 1304 quam
2194 1241 2278 1291 ius

389 1315 720 1382 reipublicae,
741 1317 798 1368 in
821 1332 923 1382 qua
941 1316 1200 1374 vivebant;
1241 1310 1349 1382 quo'
1368 1315 1747 1382 etiam·(nt1am
1769 1315 1851 1366 hic
1872 1322 1921 1365 et
1942 1317 2095 1367 etiam
2114 1317 2281 1382 capite

353 1409 358 1416 ·
391 1394 566 1457 tertio,
609 1407 774 1459 quum
811 1394 874 1446 de
903 1392 1248 1448 Malkitsedek
1283 1393 1483 1460 loquuti
1522 1407 1735 1456 sumnS,
1776 1393 2097 1459 notavimus)
2132 1401 2279 1444 tene—

388 1469 596 1521 bantur.

499 1547 581 1599 17.
619 1548 720 1597 His
737 1554 882 1612 puto,
905 1561 988 1598 me
1011 1561 1176 1599 meam
1197 1549 1505 1600 sententiam
1526 1547 1819 1613 scripturae
1838 1549 2131 1598 anctoritate
2152 1561 2283 1599 con-

389 1623 702 1677 firmavisseae
733 1623 984 1689 Superest
1001 1625 1104 1675 iam
1123 1625 1421 1689 ostendere,
1454 1623 1769 1690 quomodo
1796 1631 1855 1675 et
1882 1637 2000 1688 qua
2030 1625 2280 1676 ratione

388 1701 793 1755 ceremoniae
839 1701 1294 1755 inserviebant
1335 1703 1416 1754 vad
1459 1702 1790 1767 imparium
1840 1699 2280 1755 Hebraeorum

389 1776 901 1831 conservandum
939 1787 997 1830 et
1031 1779 1532 1841 stabiliendum;
1576 1780 1713 1844 quod
1756 1794 1911 1845 quam
1940 1780 2276 1844 paucissimis

388 1865 567 1924 potero
613 1862 664 1913 et
707 1856 1086 1909 universalibus
1133 1856 1484 1909 fundamentis
1522 1855 1811 1907 ostendam.
1904 1856 1988 1908 18.
2046 1857 2277 1909 Societas

385 1950 488 1985 non
537 1926 738 1985 tantum
787 1932 854 1984 ad
890 1949 1070 1986 secure
1118 1934 1182 1985 ab
1221 1934 1464 1992 hostibus<
1506 1933 1781 1985 vivendum
1805 1972 1819 1995 ,
1866 1932 1961 1984 sed
2014 1934 2166 1984 etiam
2209 1934 2273 1985 ad

387 2010 664 2063 multarum
694 2024 867 2062 rerum
893 2012 1258 2078 compendium
1290 2009 1579 2062 faciendum
1608 2010 1842 2076 perutilis
1870 2010 1949 2061 est
1976 2018 2026 2062 et
2062 2012 2277 2063 maxime

387 2092 541 2141 etiam
563 2089 880 2150 necessaria:
919 2104 1036 2141 nam
1057 2091 1158 2141 nisi
1178 2090 1417 2140 homines
1436 2089 1653 2139 invicem
1674 2101 1879 2153 operam
1904 2088 2133 2139 mutuam
2155 2086 2277 2138 dare

389 2167 572 2231 velint,
615 2168 748 2233 ipsis
775 2174 826 2218 et
859 2180 944 2218 ars
974 2175 1026 2219 et
1053 2175 1260 2234 tempus
1292 2156 1559 2227 deficeret,
1599 2164 1664 2215 ad
1694 2178 1780 2225 se,
1822 2164 1993 2230 quoad
2025 2165 2134 2215 eius
2165 2162 2275 2215 fieri

386 2251 584 2310 potest,
625 2244 1025 2295 sustentandum
1054 2251 1104 2294 et
1133 2242 1559 2295 conservandum.
1654 2242 1737 2293 19.
1783 2243 1899 2293 Non
1926 2244 2064 2293 enim
2094 2256 2275 2293 omnes

387 2320 452 2371 ad
488 2314 662 2372 omnia
697 2334 860 2387 aeque
897 2323 1000 2387 apti
1037 2329 1186 2384 sunt,
1234 2334 1330 2373 nec
1366 2320 1732 2386 unusquisqne
1768 2320 1907 2387 potis
1942 2324 2081 2369 ‘esset
2114 2318 2178 2370 ad
2218 2334 2278 2370 ea

388 2397 820 2463 comparandum,
861 2398 1055 2465 quibus
1085 2400 1230 2449 solus
1263 2399 1480 2449 maxime
1511 2398 1723 2463 indiget.
1795 2397 1944 2447 Vires
1976 2402 2025 2445 et
2046 2402 2272 2461 tempuS,

386 2477 629 2541 inquam,
667 2477 962 2542 unicnique
980 2475 1277 2537 deficerent,
1318 2476 1363 2526 si
1392 2475 1538 2526 solus
1558 2473 1767 2527 deberet
1786 2488 1954 2535 arare,
1995 2474 2273 2534 seminare,

387 2562 596 2615 metere,
629 2553 835 2617 molere,
861 2567 1100 2619 coquere,
1135 2559 1320 2615 texere,
1342 2568 1493 2604 suere
1512 2558 1564 2603 et
1581 2552 1679 2602 alia
1698 2552 2013 2617 perplurima
2035 2538 2099 2602 ad
2120 2552 2274 2602 vitam

386 2630 784 2682 sustentandum
807 2630 1022 2693 efficere,
1044 2632 1221 2683 utiam
1244 2636 1437 2681 taceam
1456 2636 1592 2681 artes
1608 2638 1660 2679 et
1680 2630 1941 2688 scientiae,
1967 2635 2101 2693 quae
2122 2627 2272 2679 etiam

384 2708 454 2760 ad
499 2708 866 2777 perlectionem
913 2707 1166 2759 humanae
1213 2716 1422 2759 naturae
1468 2707 1685 2771 eiusque
1729 2704 2103 2756 beatitudinem
2150 2712 2277 2767 sunt

387 2798 594 2837 summe
621 2786 958 2853 necessariae.
1030 2786 1117 2839 20.
1156 2783 1410 2836 Videmus
1448 2784 1585 2836 enlm
1622 2796 1743 2845 eoS,
1782 2783 1872 2849 qui
1910 2781 2125 2833 barbare
2162 2784 2277 2833 sine

386 2863 567 2927 politia
587 2864 786 2926 vivunt,
819 2864 975 2916 vitam
996 2864 1238 2913 miseram
1259 2869 1309 2913 et
1329 2875 1491 2929 paene
1510 2860 1763 2911 brutaiem
1784 2874 1957 2931 agere,
1986 2872 2082 2910 nec
2101 2865 2275 2911 tamen

386 2952 551 3007 pauca
567 2940 653 2991 illa
675 2943 859 2993 misera
877 2947 928 2991 et
947 2940 1174 3007 impolita
1189 2978 1205 3004 ,
1229 2954 1361 3005 qnae
1380 2938 1588 3001 hahent,
1614 2939 1729 2989 sine
1749 2945 1926 2989 mutua
1946 2950 2117 3001 opera,
2140 2950 2276 3001 qua·-

387 3016 456 3065 lis
477 3016 644 3080 qualis
663 3032 720 3069 ea
747 3018 842 3080 sit,
882 3017 986 3069 >sibl
1017 3025 1331 3083 comparant.
1403 3018 1515 3067 Iam
1533 3018 1583 3067 si
1596 3016 1833 3067 homines
1852 3029 1882 3066 a
1903 3022 2079 3065 natura
2100 3015 2165 3064 ita
2186 3026 2273 3065 es·-

391 3100 506 3146 sent
526 3095 808 3159 constituti,
845 3102 904 3147 ut
923 3094 1048 3147 nihil
1068 3094 1168 3147 nisi
1187 3093 1260 3161 id,
1302 3094 1441 3161 quod
1458 3108 1575 3147 vera
1594 3095 1720 3148 ratio
1739 3092 1961 3157 indicat,
2001 3096 2268 3158 cuperent,
