2548 3485
431 113 458 168 1
475 111 554 170 10
819 113 1209 161 TRAcTATUS
1247 114 1649 162 Trinummo«)
1662 144 1687 155 -
1697 116 1905 163 PoLIT.

423 293 510 345 illi
533 295 697 344 etiam
725 293 978 356 alteram,
1017 301 1066 344 et
1095 308 1226 359 quae
1255 293 1441 346 deinde
1470 299 1779 360 sequuntur.
1853 294 1908 348 Si
1927 293 2053 348 baec
2074 295 2309 353 Christus

424 379 669 437 tanquam
707 369 968 436 legislator
1000 371 1198 423 iudices
1236 370 1464 434 iuberet,
1507 371 1670 436 legem
1707 372 1873 424 Mosis
1912 373 2006 423 boc
2042 383 2310 444 praecepto

425 447 791 507 destruxisset;
851 448 989 514 quod
1037 456 1205 500 tamen
1251 455 1425 499 contra
1472 454 1640 513 aperte
1690 455 1881 500 monet.
1957 450 2087 502 Vide
2122 452 2307 506 Mattb.

423 539 536 590 cap.
560 525 610 575 5.
629 537 766 576 vers·
789 525 875 576 17.
948 524 1120 587 Quare
1147 524 1427 577 videndum
1446 563 1459 586 ,
1499 525 1741 589 quisnam
1769 524 1894 578 baec
1921 526 2075 588 dixit,
2116 527 2310 595 quibus

422 608 475 652 et
502 615 606 668 quo
648 607 896 670 tempore.
970 602 1056 656 32.
1095 603 1292 668 Nempe
1328 601 1564 655 Christus
1602 600 1751 666 dixit,
1792 603 1883 668 qui
1920 617 2023 655 non
2063 612 2310 672 tanquam
2355 627 2363 638 Ι

423 678 683 744 legislator
719 679 856 745 leges
892 677 1220 740 instituebat,
1279 678 1370 730 sed
1408 686 1467 729 ut
1502 679 1680 730 doctor
1717 677 2025 730 documenta
2062 680 2308 744 docebat;

424 757 542 822 quia
571 754 657 818 (ut
684 757 907 822 supra1)
939 756 1293 823 ostendimus)
1325 770 1430 808 non
1462 763 1565 807 tam
1594 757 1821 809 actiones
1849 764 2109 818 externas,
2150 774 2311 825 quam

421 834 656 884 animum
676 834 929 898 corrigere
947 832 1126 884 voluit.
1191 833 1391 884 Deinde
1412 831 1535 884 baec
1555 831 1855 885 bominibus
1877 836 2141 900 oppressis
2160 837 2303 898 dixit,

423 911 511 977 qui
541 907 774 960 vivebant
803 911 857 962 iu
888 909 1147 978 republica
1178 917 1416 976 corrupta
1445 918 1495 960 et
1521 910 1610 962 ubi
1632 911 1827 963 iustitia
1848 925 2061 978 prorsus
2081 913 2311 980 neglige-

421 986 571 1038 batur
605 994 656 1038 et
693 989 844 1038 cuius
880 988 1083 1038 ruinam
1119 1002 1280 1053 prope
1316 989 1506 1038 instare
1543 986 1765 1038 videbat.
1837 988 1998 1056 Atqui
2037 989 2134 1040 boc
2170 990 2309 1041 idem

419 1063 594 1129 ipsum
612 1102 627 1125 ,
666 1063 806 1130 quod
837 1063 919 1114 bic
949 1063 1182 1116 Christus
1213 1066 1434 1118 instante
1464 1063 1617 1114 Urbis
1644 1066 1794 1116 ruina
1823 1066 1999 1129 docet,
2039 1069 2310 1120 Ieremiam

422 1142 572 1192 etiam
613 1141 665 1192 in
705 1142 868 1208 prima
897 1140 1050 1194 Urbis
1087 1143 1393 1206 vastatione,
1439 1141 1597 1192 simili
1634 1142 1883 1194 nimirum
1914 1151 2173 1210 tempore,
2213 1144 2310 1196 do-

421 1219 592 1269 cuisse
612 1217 866 1269 videmus».
905 1218 1035 1270 vide
1054 1220 1293 1271 Lament.
1315 1219 1493 1286 cap.3.
1516 1219 1698 1271 lit.‘1'et
1716 1226 1767 1270 et
1782 1221 1867 1270 Jot
1882 1221 1955 1285 2).
2029 1220 2114 1271 33.
2137 1221 2309 1285 Quare

423 1311 584 1361 quum
607 1295 704 1346 boc
723 1309 828 1345 non
850 1295 950 1346 nisi
971 1302 1201 1361 tempore
1221 1297 1577 1365 oppressionis
1598 1297 1868 1348 docuerint
1885 1295 2191 1363 prophetae,
2213 1312 2308 1351 nec
2390 1293 2399 1300 “

420 1371 474 1422 i'd
493 1371 641 1423 ullibi
662 1380 909 1439 tanquam
931 1373 1007 1422 lex
1035 1373 1293 1438 prolatum
1314 1374 1409 1436 sit,
1451 1380 1501 1424 et
1520 1380 1693 1427 contra
1714 1375 1894 1426 Moses
1914 1375 2027 1439 (qui
2050 1389 2151 1426 non
2172 1381 2309 1426 tem-

421 1465 544 1518 pore
564 1451 919 1518 oppressionis
939 1451 1175 1516 scripsit,
1217 1450 1339 1510 sed,
1380 1457 1429 1500 et
1448 1450 1545 1502 hoc
1564 1457 1710 1510 nota,
1752 1451 1815 1505 de
1835 1451 2154 1502 instituenda
2174 1451 2307 1503 bona

421 1525 686 1593 republica
712 1525 986 1596 laboravit)
1019 1528 1254 1592 quamvis
1284 1528 1437 1578 etiam
1465 1526 1737 1578 vindictam
1770 1533 1821 1578 et
1850 1526 2025 1578 odium
2054 1529 2107 1579 in
2138 1528 2308 1592 proxi-

422 1619 567 1654 mum
606 1602 949 1664 damnaverit,
988 1610 1158 1654 tamen
1197 1604 1409 1656 iusserit
1445 1604 1654 1655 oculum
1692 1617 1785 1670 pro
1821 1603 1970 1654 oculo
2008 1603 2201 1657 solvere
2218 1604 2303 1673 ⁸);

422 1680 540 1732 binc
571 1679 857 1732 clarissime
887 1680 1150 1747 sequitur,
1191 1695 1251 1730 ex
1279 1681 1409 1750 ipsis
1437 1681 1565 1731 solis
1604 1681 1895 1747 scripturae
1932 1680 2303 1745 fundamenti5‚

422 1758 518 1809 hoc
539 1757 727 1809 Christi
758 1765 809 1809 et
825 1760 1070 1809 Ieremiae
1091 1756 1462 1810 documentum
1487 1757 1550 1809 de
1571 1758 1831 1812 toleranda
1852 1758 2039 1809 iniuria
2060 1766 2112 1809 ct
2132 1760 2307 1826 impiis

419 1836 476 1886 in
496 1833 739 1887 omnibus
760 1832 1108 1898 concedendo,
1133 1835 1303 1887 locum
1326 1842 1527 1887 tantum
1549 1836 1735 1887 babere
1753 1837 1805 1886 in
1826 1835 1973 1900 locis,
1998 1834 2091 1887 ubi
2111 1837 2307 1888 iustitia

423 1908 724 1978 negligitur,
763 1920 814 1963 et
833 1912 1154 1980 temporibus
1175 1913 1557 1979 oppressionis,
1597 1928 1703 1965 nou
1723 1920 1894 1964 autem
1918 1914 1969 1964 in
1989 1912 2127 1965 bona
2146 1927 2307 1981 repu-

421 1988 582 2039 blica:
622 1989 855 2053 quinimo
876 1990 929 2040 in
949 1987 1085 2041 bona
1103 1989 1387 2057 republica,
1428 1988 1520 2041 ubi
1539 1990 1733 2041 iustitia
1754 1988 2074 2052 defenditur,
2107 1997 2308 2041 tenetur

419 2067 815 2132 unusquisque,
853 2067 901 2117 si
928 2080 986 2118 se
1013 2067 1122 2118 vult
1151 2067 1410 2133 pei-biberi
1438 2068 1659 2129 iustum,
1700 2066 1917 2118 iniurias
1944 2080 2113 2118 coram
2136 2067 2305 2119 iudice

422 2142 617 2208 exigere
647 2142 790 2210 (vide
819 2144 981 2195 Levit.
1003 2157 1116 2211 cap.
1141 2146 1192 2196 5.
1221 2158 1356 2196 vers·
1381 2144 1457 2209 1.)
1488 2157 1593 2194 non
1621 2150 1830 2210 propter
1859 2144 2131 2195 vindictam
2163 2142 2305 2209 (vide

420 2221 581 2270 Levit.
605 2233 716 2287 cap.
734 2221 818 2273 19.
840 2220 1230 2283 vers.1⁷.18.),
1271 2221 1362 2272 sed
1384 2221 1557 2271 animo
1578 2221 1828 2272 iustitiam
1848 2220 2089 2287 legesque
2109 2221 2305 2287 patriae

421 2296 759 2359 defendendi,
800 2304 850 2347 et
868 2304 925 2348 ut
946 2312 1009 2348 ne
1028 2296 1177 2349 malis
1198 2296 1432 2364 expediat
1451 2312 1565 2350 esse
1584 2297 1767 2350 malos.
1842 2298 1925 2351 34.
1967 2298 2115 2360 Quae
2132 2298 2306 2352 omnia

421 2376 576 2428 etiam
607 2389 724 2425 cum
755 2375 949 2426 ratione
979 2374 1194 2425 naturali
1225 2374 1378 2440 plane
1406 2375 1737 2426 conveniunt.
1808 2372 1894 2425 Ad
1924 2373 2062 2425 huuc
2088 2375 2305 2430 modum

421 2450 518 2501 alia
545 2449 691 2515 plura
724 2464 930 2515 possem
961 2450 1161 2503 adferre
1191 2451 1447 2519 exempla,
1488 2450 1581 2502 sed
1609 2451 1731 2503 baec
1752 2450 1984 2503 sufficere
2004 2450 2223 2523 arbitror
2240 2452 2304 2504 ad

423 2541 590 2578 meam
630 2534 850 2577 mentem
891 2535 939 2578 et
973 2527 1243 2579 utilitatem
1282 2528 1441 2579 huius
1478 2528 1704 2580 methodi
1742 2526 2120 2593 explicandam,
2164 2530 2304 2598 quod

423 2604 897 2669 impraesentiarum
919 2610 1118 2655 tantum
1139 2618 1283 2656 curo.
1354 2604 1426 2657 At
1446 2605 1717 2671 bucusque
1737 2619 1823 2655 eas
1844 2611 2047 2657 tantum
2070 2607 2304 2673 Scriptu-

421 2695 507 2732 rae
539 2680 819 2731 sententias
848 2682 1152 2747 investigare
1181 2681 1481 2744 docuimuS,
1522 2696 1654 2747 quae
1675 2695 1830 2733 usum
1851 2683 1980 2735 vitae
2002 2690 2235 2749 spectant
2254 2688 2303 2733 ct

423 2772 556 2825 quae
577 2764 840 2825 propterea
861 2758 1061 2809 facilius
1079 2757 1373 2825 investigari
1396 2763 1619 2825 queunt;
1661 2772 1783 2816 nam
1804 2774 1974 2811 revera
1996 2759 2059 2811 de
2078 2760 2142 2809 iis
2162 2758 2304 2812 nulla

525 2963 568 3014 1)
602 2960 701 3006 Vid.
723 2973 827 3017 cap.
845 2963 886 3003 5.
905 2962 945 3014 s.
967 2962 1007 3002 8.
1027 2960 1068 3004 9.

523 3022 567 3072 2)
606 3020 635 3063 i.
658 3034 699 3065 e.
722 3022 893 3066 Thren.
915 3032 1016 3076 cap.
1037 3023 1076 3062 3.
1099 3034 1140 3064 v.
1161 3023 1332 3063 25—30.

525 3080 567 3130 3)
595 3079 694 3123 vid.
717 3080 860 3126 Exod.
881 3083 948 3136 21,
969 3083 1036 3123 24.
1073 3082 1216 3126 Levit.
1236 3084 1306 3138 24,
1326 3082 1392 3125 20.
