2548 3485
432 167 549 228 108
828 169 1219 218 TRAGTATUS
1256 169 1659 218 THEoLofflco
1671 169 1910 216 -PoLl'R

525 349 612 405 23.
650 351 748 400 111.
787 350 1023 417 Denique
1050 363 1305 400 enarr-aro
1330 349 1485 400 debet
1507 349 1638 400 haec
1665 348 1891 400 historia
1909 363 2063 400 cuam
2081 350 2313 400 omnium

425 428 1102 495 librommprophetamm,
1144 441 1367 492 quorum
1389 427 1636 477 memoria
1654 424 1795 492 apud
1814 440 1910 477 nos
1931 434 2036 485 est3
2078 425 2314 478 videlicet

423 507 614 568 uitam,
652 520 825 556 moras
850 520 916 556 ac
939 504 1120 556 studia
1158 505 1395 554 auctoris
1431 505 1841 568 uniuscuiusque
1878 503 2028 568 libri,
2070 499 2321 568 quisnam'

424 581 606 644 fuerit,
647 596 750 649 qua
780 582 1079 644 occasione,
1118 595 1221 647 quo
1252 588 1508 648 tempore,
1549 581 1631 644 cui
1664 587 1714 631 et
1737 580 1964 646 denique
2002 595 2104 646 qua
2140 581 2313 646 lingua

424 660 712 724 scripserit;
765 659 950 711 deinde
996 661 1406 726 uniuscuiusque
1443 659 1570 708 libri
1587 657 1904 722 fortunam,
1954 672 2139 724 nempe
2176 673 2314 724 quo-

422 735 577 786 modo
596 737 745 802 prius
768 743 1015 801 acceptus
1035 735 1205 796 fuerit,
1244 737 1368 786 etin
1388 749 1610 801 quorum
1631 749 1816 786 manus
1837 734 2101 797 inciderit,
2126 733 2312 787 deinde

424 819 549 876 quot
576 814 688 864 eius
718 815 883 865 variae
911 813 1157 865 lectiones
1178 812 1398 875 fuerint,
1438 820 1486 862 et
1507 815 1728 879 quorum
1749 813 1964 864 consilio
1984 812 2117 864 inter
2134 826 2310 864 sacros

422 896 664 955 acceptus
692 889 875 952 fuerit,
917 899 967 942 et
995 889 1219 955 denique
1250 889 1511 954 quomodo
1549 905 1730 942 omnes
1765 889 1912 954 libri,
1955 903 2089 955 quos
2127 902 2310 940 omnes

422 967 525 1016 iam
562 979 738 1018 sacros
779 982 895 1020 esse
941 967 1191 1030 fatentur,
1248 967 1299 1017 in
1348 981 1514 1018 unum
1560 981 1748 1035 corpus
1793 966 2096 1019 coaluerint.
2168 967 2312 1018 Haec

423 1045 621 1109 omnia,
662 1045 878 1111 inquam
897 1084 910 1106 ‚
950 1043 1160 1096 historia
1182 1044 1472 1110 Scripturas
1499 1045 1745 1096 continet.
1818 1045 1907 1098 24.
1943 1045 2074 1096 Nam
2094 1051 2154 1095 ut
2173 1045 2312 1095 scia-

423 1135 571 1183 muS,
611 1136 867 1187 quaenam
899 1122 1183 1173 sententiae
1215 1128 1463 1186 tanquam
1491 1120 1632 1186 leges
1663 1121 2015 1187 proferantur,
2055 1135 2310 1186 quaenam

423 1213 539 1249 vero
568 1205 814 1264 tanquam
846 1199 1155 1249 documenta
1191 1198 1430 1260 moralia,
1471 1198 1625 1250 refert
1659 1199 1788 1250 scire
1824 1200 2006 1260 vitam,
2045 1212 2214 1250 mores
2251 1212 2312 1250 ac

422 1275 593 1326 studia
628 1277 883 1338 auctoris;
924 1274 1057 1327 adde
1095 1273 1235 1340 quod
1269 1287 1332 1326 eo
1373 1274 1579 1326 facilius
1617 1274 1769 1326 verba
1805 1277 2024 1328 alicuius
2061 1275 2309 1342 explicare

421 1367 741 1417 possumus,
799 1367 905 1420 quo
950 1353 1061 1403 eius
1110 1352 1320 1417 genium
1364 1359 1416 1402 et
1461 1353 1722 1418 ingenium
1769 1354 1958 1404 melius
1995 1353 2308 1404 noverimuS.

420 1428 620 1481 Deinde
647 1444 714 1480 ne
744 1430 1053 1493 documenta
1082 1436 1287 1480 aeterna
1316 1443 1434 1479 cum
1463 1430 1558 1491 iis,
1599 1444 1731 1494 quae
1760 1430 1828 1482 ad
1864 1439 2068 1496 tempus
2107 1436 2309 1482 tantum

422 1506 498 1558 vel
521 1507 703 1572 paucis
722 1507 1054 1560 solummodo
1074 1520 1133 1557 ex
1152 1520 1251 1556 usu
1274 1513 1511 1572 poterant
1531 1521 1647 1557 esse
1661 1547 1676 1570 ‚
1715 1507 2098 1560 confundamus
2113 1546 2127 1570 ,
2152 1507 2310 1561 ,refert

419 1585 572 1634 etiam
610 1585 740 1634 scire
777 1599 879 1650 qua
917 1583 1215 1642 occasione,
1254 1597 1359 1648 quo
1399 1590 1626 1650 tempore
1654 1592 1704 1636 et
1733 1586 1817 1636 cui
1847 1586 2039 1636 nationi
2069 1591 2157 1635 aut
2193 1598 2310 1636 sae-

420 1661 537 1711 culo
565 1662 737 1712 omnia
768 1661 1079 1712 documenta
1108 1661 1298 1725 scripta
1327 1660 1537 1712 fuerint.
1611 1662 1700 1717 25.
1739 1661 1914 1714 Re‘fert
1933 1661 2160 1728 denique
2180 1658 2307 1712 reli'-

422 1752 551 1803 qua,
602 1754 735 1803 quae
774 1746 1033 1805 praeterea
1070 1737 1324 1803 diximus,
1374 1739 1532 1801 scire,
1571 1746 1630 1789 ut
1663 1747 1864 1805 praeter
1901 1738 2018 1791 libri
2055 1741 2308 1805 cuiusque

420 1816 771 1867 auctoritatem
790 1855 805 1879 ,
844 1815 1000 1867 etiam
1030 1816 1286 1877 sciamus,
1331 1830 1458 1867 num
1485 1814 1551 1867 ab
1581 1816 1887 1868 adulterinis
1915 1817 2158 1870 manibus
2177 1832 2306 1869 con-

420 1893 651 1957 spurcari
686 1895 942 1959 potuerit,
992 1908 1056 1945 an
1093 1894 1299 1953 minus;
1352 1906 1480 1945 num
1518 1907 1714 1945 errores
1753 1896 2076 1962 irrepserint,
2114 1910 2241 1947 num
2279 1911 2308 1947 a

419 1970 541 2020 viris
579 1970 707 2021 satis
745 1971 921 2037 peritis
959 1975 1010 2022 et
1044 1968 1145 2021 fide
1184 1969 1356 2035 dignis
1395 1970 1606 2022 correcti
1653 1969 1862 2023 fuerint.
1945 1973 2090 2035 Quae
2137 1973 2307 2025 omnia

418 2040 553 2098 scitu
588 2046 871 2100 admodum
909 2047 1199 2100 necessaria
1234 2055 1386 2110 sunt,
1436 2055 1495 2099 ut
1529 2061 1595 2099 ne
1631 2061 1784 2099 coeco
1825 2050 2024 2115 impetu
2065 2051 2304 2119 correpti,

420 2124 669 2191 quicquid
697 2125 851 2178 nobis
882 2122 1197 2188 obtruditur,
1240 2125 1336 2177 sed
1357 2132 1557 2177 tantum
1575 2124 1630 2175 id
1650 2124 1788 2191 quod
1809 2132 2006 2177 certum
2023 2133 2076 2177 et
2091 2125 2306 2177 indubi-

353 2251 361 2261 ,
416 2208 579 2253 tatum
600 2208 705 2263 est,
744 2202 1137 2269 amplectamur.

518 2279 608 2333 26.
647 2280 758 2329 Iam
788 2286 1068 2345 postquam
1097 2279 1230 2330 hanc
1257 2278 1525 2330 historiam
1557 2278 1848 2345 scripturae
1885 2277 2223 2332 habuerimus
2257 2287 2307 2331 et

417 2354 629 2407 firmiter
646 2355 1041 2417 decreverimuS‚
1059 2356 1188 2407 nihil
1208 2364 1456 2423 tanquam
1479 2355 1765 2407 doctrinam
1785 2356 2150 2424 prophetarum
2170 2364 2306 2409 certo

417 2439 640 2484 statuere
657 2472 671 2495 ‚
713 2433 850 2498 quod
874 2448 931 2484 ex
951 2433 1045 2484 hac
1064 2432 1277 2485 historia
1297 2447 1402 2483 non
1421 2440 1697 2499 sequatur,
1739 2438 1827 2484 aut
1845 2447 2002 2500 quam
2023 2433 2308 2486 clarissime

418 2509 667 2571 eliciatur,
707 2517 816 2561 tum
841 2518 1044 2576 tempus
1066 2512 1179 2572 erit,
1209 2516 1269 2561 ut
1290 2509 1362 2561 ad
1376 2515 1601 2561 mentam
1613 2512 2001 2577 prophetarum
2019 2516 2074 2561 et
2089 2514 2308 2578 spiritus

414 2589 589 2637 sancti
605 2586 1029 2653 investigandam
1048 2602 1146 2638 nos
1166 2588 1517 2653 accingamus.
1592 2586 1694 2639 Sed
1723 2586 1788 2637 ad
1807 2586 1904 2639 hoc
1927 2589 2082 2639 etiam
2105 2588 2304 2641 metho-

417 2663 515 2715 dus
535 2671 586 2714 et
606 2662 729 2715 ordo
750 2665 1031 2729 requiritur
1048 2665 1234 2716 similis
1255 2665 1303 2715 ei
1317 2705 1331 2728 ,
1372 2679 1476 2731 quo
1506 2663 1572 2715 ad
1600 2666 2078 2730 interpretationem
2099 2672 2303 2716 naturae

416 2756 474 2792 ex
502 2742 669 2807 ipsius
697 2740 911 2792 historia
941 2743 1157 2793 utimur.
1246 2743 1336 2797 27.
1374 2742 1538 2794 Sicuti
1568 2742 1708 2792 enim
1737 2741 1792 2791 in
1821 2742 2121 2794 scrutandis
2150 2740 2302 2791 rebus

416 2817 737 2869 naturalibus
764 2824 882 2869 ante
910 2819 1083 2870 omnia
1102 2819 1408 2885 investigare
1427 2833 1676 2871 conamur
1692 2832 1778 2869 res
1798 2820 2018 2871 maxime
2039 2818 2303 2870 universa-

413 2894 491 2947 les
510 2904 559 2947 et
578 2898 665 2947 toti
688 2903 898 2947 naturae
918 2908 1239 2959 communeS,
1273 2896 1506 2949 videlicet
1529 2902 1729 2947 motum
1749 2903 1802 2946 et
1818 2897 2062 2963 quietem,
2094 2908 2305 2945 eorum-

415 2986 515 3038 que
552 2971 689 3039 leges
726 2981 779 3025 et
816 2973 1020 3039 regulas
1038 3013 1052 3033 ,
1093 2988 1223 3039 quas
1261 2983 1442 3026 natura
1479 2988 1688 3041 semper
1714 2974 1950 3025 observat
1975 2979 2027 3025 et
2054 2986 2148 3039 per
2174 2986 2305 3038 quas

414 3049 655 3100 continuo
686 3051 816 3116 agit,
854 3058 905 3102 et
930 3064 989 3101 ex
1017 3048 1103 3101 his
1132 3050 1378 3115 gradatim
1399 3051 1462 3103 ad
1483 3053 1582 3103 alia
1600 3053 1775 3103 minus
1798 3050 2105 3104 universalia
2121 3063 2308 3118 proce-

415 3125 613 3186 dimus;
653 3126 729 3177 sic
758 3127 911 3178 etiam
942 3142 1001 3179 ex
1026 3127 1237 3179 historia
1268 3129 1565 3196 Scripturae
1593 3130 1647 3183 id
1679 3130 1905 3199 primum
1925 3128 2304 3197 quaerendum,
