2548 3485
1099 178 1238 229 cari.
1292 185 1426 231 xvr.
2042 243 2049 251 ,
2078 184 2203 243 217

319 358 628 412 revelatione
679 360 844 426 signis
893 358 1196 413 confirmata
1245 364 1613 429 unusquisque
1666 363 1719 417 id
1770 362 1957 416 habere
2010 372 2219 432 potest.-

321 439 408 487 54.
447 436 620 499 Quare
651 444 770 489 ante
795 438 1156 491 revelationem
1184 454 1340 491 nemo
1366 442 1477 493 iure
1504 441 1707 503 divino,
1746 440 1889 508 quod
1908 456 2013 493 non
2034 449 2205 509 potest

321 528 424 583 non
457 515 720 579 ignorare,
761 521 982 568 tenetur.
1054 516 1120 567 Et
1143 516 1263 569 ideo
1289 524 1457 569 status
1486 518 1735 571 naturalis
1762 534 1883 571 eum
1910 527 2051 571 statu
2082 518 2204 571 reli-

321 592 490 657 gionis
528 593 742 645 minime
781 592 1210 655 confundenduS,
1247 594 1341 647 sed
1378 594 1575 661 absque
1614 596 1859 663 religione
1894 603 1946 649 et
1974 596 2113 663 lege,
2154 605 2205 648 et

321 675 698 735 consequenter
739 667 940 736 absque
979 678 1188 737 peccato
1233 678 1285 724 et
1330 672 1515 724 iniuria
1552 673 1946 741 concipiendus,
2006 680 2065 725 ut
2100 674 2201 725 iam

321 744 540 797 fecimus
577 754 630 797 et
655 746 800 799 Pauli
839 749 1138 801 auctoritate
1161 748 1665 813 confirmavimus*).
1741 752 1826 803 55.
1864 752 1971 803 Nee
1998 754 2197 802 tantum

321 824 516 875 ratione
536 824 852 889 ignorantiae
873 830 1066 875 statum
1097 826 1379 877 naturalem
1408 832 1527 877 ante
1552 827 1636 879 ius
1662 827 1896 881 divinum
1926 827 2201 879 revelatum

321 907 373 951 et
409 898 606 965 absque
641 900 822 953 eodem
861 902 1208 967 concipimuS,
1249 904 1343 955 sed
1382 904 1537 955 etiam
1564 904 1757 956 ratione
1784 904 2060 967 libertatis,
2102 918 2203 971 qua

323 991 503 1028 omnes
523 984 825 1030 nascuntur.
881 978 937 1029 Si
957 980 1094 1029 enlm
1113 978 1351 1031 homines
1372 994 1429 1031 ex
1447 987 1630 1033 natura
1648 982 1759 1032 iure
1780 981 1951 1033 (livino
1968 988 2205 1035 teneren-

322 1061 432 1117 tur,
472 1054 548 1105 vel
577 1056 624 1105 si
655 1056 736 1106 ius
765 1054 992 1107 divinum
1021 1070 1080 1106 ex
1105 1064 1285 1108 natura
1312 1057 1399 1109 ius
1422 1064 1591 1121 esset,
1628 1058 1953 1125 superfluum
1974 1068 2106 1121 erat,
2144 1065 2204 1109 nt

321 1133 464 1183 Deus
483 1145 604 1186 cum
623 1129 924 1184 hominibus
945 1139 1262 1185 contractum
1284 1135 1437 1185 iniret
1453 1142 1504 1187 et
1523 1141 1669 1200 paeto
1690 1142 1741 1186 et
1769 1136 2055 1187 iuramento
2081 1150 2203 1187 eos-

323 1209 442 1259 dem
471 1208 736 1275 obligaret.
810 1210 897 1261 56.
935 1210 1106 1272 Quare
1137 1210 1375 1263 absolute
1406 1211 1825 1275 eoncedendum,
1862 1212 1947 1264 ius
1972 1211 2201 1264 divinum

315 1284 478 1349 ,aueo
506 1294 734 1353 tempore
761 1287 1022 1352 incepisse
1035 1326 1050 1349 ,
1088 1301 1117 1337 a
1145 1302 1251 1352 quo
1267 1287 1505 1339 homines
1524 1302 1766 1355 expresso
1783 1296 1933 1355 pacto
1950 1290 2062 1341 Deo
2080 1302 2205 1356 pro-

323 1363 576 1414 miserunt
611 1365 664 1414 in
701 1362 945 1417 omnihus
982 1362 1218 1427 obedire,
1257 1379 1363 1431 quo
1398 1380 1497 1417 sua
1533 1364 1768 1418 libertate
1796 1366 2021 1418 naturali
2052 1367 2201 1432 quasi

325 1532 491 1587 perte.)
526 1531 660 1587 Quod
679 1538 837 1577 autem
857 1532 916 1577 ad
936 1532 1086 1589 legem
1105 1533 1309 1579 divinam
1328 1532 1591 1579 naturalem
1610 1534 1792 1597 attinet,
1814 1534 1946 1580 cuius
1965 1545 2203 1579 summum

325 1598 625 1647 praeceptum
663 1603 768 1639 esse
798 1591 1024 1649 diximus,
1053 1594 1230 1638 Deum
1267 1605 1488 1649 amare,
1517 1604 1573 1639 eo
1600 1605 1743 1639 seusu
1770 1594 1923 1651 legem
1952 1592 2200 1649 appellavi,

323 1662 416 1707 quo
438 1650 700 1707 philosophi
723 1663 997 1697 communes
1017 1661 1212 1698 naturae
1232 1652 1417 1708 regulas
1431 1685 1443 1706 ,
1474 1653 1733 1699 secuudum
1754 1665 1871 1711 quas
1891 1654 2047 1699 omnia
2068 1652 2203 1707 flunt,

323 1710 450 1766 leges
473 1717 652 1756 vocant.
707 1710 850 1756 Amor
869 1713 992 1758 enim
1013 1713 1096 1759 Dei
1119 1726 1210 1758 non
1231 1712 1524 1769 obedientia,
1554 1712 1636 1758 sed
1666 1714 1808 1760 virtus
1838 1720 1934 1770 est,
1964 1725 2086 1772 quae
2116 1712 2204 1758 ho-

323 1772 454 1826 mini,
484 1771 565 1827 qui
585 1771 736 1817 Deum
755 1779 882 1817 reete
903 1773 1028 1818 novit
1041 1806 1054 1830 ,
1085 1773 1351 1818 necessario
1368 1773 1509 1818 inest.
1553 1773 1611 1817 At
1630 1773 1898 1819 obedientia
1918 1773 2201 1834 voluntatem

323 1831 596 1886 imperantis
609 1861 622 1887 ,
651 1843 745 1876 non
782 1832 850 1876 rei
889 1834 1214 1880 necessitatem
1252 1833 1443 1888 respicit
1470 1838 1516 1877 et
1542 1833 1803 1880 veritatem.
1859 1834 2014 1890 Quum
2043 1839 2201 1878 autem

324 1897 538 1935 naturam
559 1890 642 1935 Dei
675 1891 922 1936 voluntatis
952 1893 1244 1950 ignoremus,
1276 1899 1323 1938 et
1348 1899 1510 1937 contra
1538 1893 1651 1937 certi
1680 1893 1853 1949 simus,
1881 1893 2109 1950 quidquid
2137 1891 2204 1952 fit,

324 1963 377 1994 ex
397 1949 497 1994 sola
510 1949 595 1994 Dei
617 1952 818 2006 potentia
841 1949 958 2005 fleri,
989 1963 1289 2010 nequaquam
1309 1952 1397 1996 nisi
1418 1964 1473 1996 ex
1495 1951 1775 1997 revelatione
1794 1953 1916 1999 seire
1936 1966 2204 2010 possumus,

324 2021 383 2054 an
395 2009 522 2054 Deus
535 2007 692 2066 aliquo
705 2010 882 2056 honore
901 2011 993 2056 coli
1014 2011 1125 2056 velit
1141 2011 1202 2055 ab
1225 2011 1493 2056 hominihus
1514 2017 1754 2067 tamquam
1774 2014 2006 2068 princeps.
2045 2013 2207 2066 (Aliter

325 2068 470 2114 Gall.:
501 2069 592 2113 Gar
609 2080 793 2114 comme
812 2069 845 2114 il
863 2083 984 2115 nous
1003 2077 1074 2116 est
1092 2071 1370 2126 impossible
1398 2070 1539 2122 (ainsi
1558 2081 1653 2126 que
1672 2083 1791 2116 nous
1810 2071 1985 2116 l’avons
2005 2072 2089 2116 fait
2106 2073 2207 2116 voir

324 2141 384 2172 au
403 2129 613 2184 chapitre
631 2131 693 2180 t.)
714 2130 772 2174 de
790 2131 1037 2174 concevoir
1055 2131 1173 2174 Dieu
1193 2141 1379 2174 comme
1399 2143 1461 2174 un
1482 2128 1642 2188 prince
1660 2130 1740 2186 qui
1760 2131 1846 2174 fait
1862 2130 1945 2176 des
1966 2131 2083 2186 loix,
2112 2143 2205 2188 que

325 2201 442 2232 nous
463 2200 671 2243 pouvons
691 2188 860 2246 violer,
892 2189 923 2232 il
944 2196 1016 2234 est
1034 2189 1214 2234 evident
1233 2201 1326 2246 que
1346 2188 1427 2233 nul
1449 2190 1653 2244 homme,
1674 2190 1755 2246 qui
1777 2191 1849 2234 n'a
1870 2202 1960 2247 que
1979 2190 2025 2235 la
2046 2189 2203 2236 raison
2262 2209 2269 2215 ·

325 2259 446 2304 pour
473 2248 635 2304 guide,
666 2259 722 2292 ne
741 2256 854 2304 peut
869 2251 1023 2294 saveir
1043 2249 1155 2306 qu’il
1175 2250 1266 2294 soit
1285 2249 1440 2305 obligo
1461 2249 1641 2294 d’obeir
1667 2251 1694 2293 a
1716 2249 1877 2303 Βίου.)
1928 2250 2055 2294 Adde
2074 2252 2200 2306 quod

325 2309 426 2352 iura
463 2307 616 2351 divina
654 2307 790 2353 nobis
826 2314 880 2351 ut
906 2309 1007 2354 iura
1033 2321 1118 2354 seu
1147 2309 1357 2354 instituta
1384 2309 1527 2354 videri
1556 2309 1926 2365 ostenderimus,
1955 2321 2096 2366 quam
2125 2309 2223 2354 diu·

325 2379 490 2412 eorum
519 2378 710 2412 causam
742 2367 1026 2422 ignoramus.
1082 2368 1249 2422 (Gall-z
1281 2369 1550 2425 Davautage
1578 2381 1696 2414 nous
1724 2380 1867 2413 avons
1897 2369 2081 2414 montre
2110 2381 2205 2426 que

326 2426 392 2471 les
414 2427 826 2471 commandemens
840 2459 853 2483 ,
881 2438 974 2484 que
993 2428 1109 2473 Βίου
1129 2441 1156 2472 a
1177 2427 1349 2481 revele,
1380 2441 1438 2474 ne
1459 2441 1575 2474 nous
1596 2428 1807 2486 obligent
1824 2428 1971 2484 point,
2002 2433 2049 2472 et
2066 2429 2205 2486 qu’ils

326 2497 384 2530 ne
403 2492 591 2542 passent
609 2498 730 2542 pour
746 2487 1156 2532 commandemens
1177 2489 1204 2532 a
1225 2487 1357 2532 notre
1378 2487 1518 2544 egard
1533 2520 1545 2542 ,
1576 2500 1667 2545 que
1696 2487 1847 2532 tandis
1878 2499 1971 2546 que
1998 2500 2117 2534 nous
2148 2500 2205 2532 en

325 2547 544 2602 ignorons
563 2545 608 2592 la
629 2549 806 2597 cause.)
860 2546 960 2591 flac
980 2553 1136 2592 autem
1165 2548 1350 2604 cognita
1379 2547 1503 2592 illico
1532 2547 1633 2592 iura
1663 2559 1767 2593 esse
1794 2547 2035 2605 desinunt,
2065 2555 2205 2604 atque

327 2606 491 2650 eadem
527 2611 580 2650 ut
614 2609 829 2652 aeternas
858 2607 1098 2663 veritates,
1130 2619 1222 2652 non
1250 2615 1301 2652 ut
1329 2609 1429 2653 iura
1462 2606 1815 2664 amplectimur,
1846 2606 2055 2662 hoe'est,
2086 2605 2203 2650 obe-

325 2665 497 2711 dientia
527 2665 656 2710 illico
684 2664 730 2708 in
759 2677 971 2712 amorem
1000 2668 1188 2716 transit,
1218 2669 1298 2724 qui
1320 2680 1375 2712 ex
1394 2679 1501 2713 vera
1523 2668 1785 2724 cognitione
1814 2675 1907 2712 tam
1938 2665 2203 2712 necessario
2227 2708 2233 2714 ,

325 2724 501 2780 oritur,
531 2729 582 2768 ut
602 2737 655 2770 ex
675 2723 774 2770 sole
793 2723 967 2770 lumen‘.
1023 2725 1090 2770 Ex
1110 2727 1303 2771 rationis
1325 2727 1463 2784 igitur
1482 2727 1624 2772 ductu
1644 2726 1793 2772 Deum
1815 2728 2003 2782 quidem
2026 2737 2201 2780 amare,

324 2783 408 2830 sed
428 2795 520 2828 non
539 2783 734 2829 obedire
753 2784 794 2828 ei
815 2795 1092 2840 possumus;
1129 2783 1508 2844 quandoquidem
1529 2798 1615 2831 nec
1634 2787 1734 2830 iura
1753 2786 1905 2830 divina
1919 2817 1933 2840 ,
1962 2796 2103 2842 quam
2123 2783 2203 2827 diu

323 2855 488 2889 eorum
509 2855 701 2888 causam
721 2843 1015 2902 ignoramus,
1045 2851 1098 2890 ut
1114 2846 1266 2890 divina
1286 2845 1504 2902 amplecti
1518 2879 1530 2901 ,
1560 2856 1647 2890 nec
1665 2845 1815 2889 Deum
1836 2844 1936 2887 iura
1956 2848 2009 2888 ut
2026 2843 2202 2897 princi-

323 2915 434 2960 pem
461 2903 820 2949 constituentem
840 2905 1086 2960 concipere
1105 2906 1285 2950 ratione
1304 2918 1553 2962 possumus
1574 2903 1737 2958 (Galla
1768 2902 1969 2958 puisque
1994 2913 2115 2947 nous
2144 2915 2201 2948 ne

321 2963 538 3010 saurions
571 2963 778 3008 recevoir
805 2963 872 3008 les
901 2964 1311 3012 commandemens
1338 2966 1395 3009 de
1422 2965 1541 3008 Βίου
1575 2967 1739 3007 autaut
1773 2972 1865 3018 que
1894 2962 2199 3008 commande-

321 3035 483 3073 mens,
511 3024 626 3068 e'est
643 3019 670 3064 'a
689 3023 810 3078 dire,
841 3024 992 3068 tendis
1013 3035 1104 3081 que
1124 3035 1241 3068 nous
1260 3035 1321 3070 ne
1339 3023 1407 3068 les
1428 3034 1685 3067 coucevons
1706 3033 1789 3077 pas
1819 3032 2003 3066 comme
2030 3017 2197 3067 veritks

322 3081 596 3186 όιετυοίίᾷεά,
626 3093 717 3183 4]υὲ
736 3083 853 3128 Dieu
873 3095 931 3128 ne
951 3096 1068 3129 nous
1088 3083 1158 3129 les
1177 3083 1244 3131 ait
1259 3082 1606 3140 expressement
1625 3080 1838 3132 reveles).
1896 3077 1983 3135 Sp.

424 3146 465 3196 ⁸.)
541 3143 554 3186 i
593 3145 664 3196 ας·
715 3173 726 3186 ο
1545 3156 1550 3161 “
1940 3162 1949 3171 ‘
