2548 3485
1109 172 1246 217 car.
1300 170 1435 219 xm
2088 164 2209 227 195

323 350 539 403 Devotio
558 351 782 416 namque
797 388 812 414 ,
833 350 1102 403 admiratio
1123 358 1172 402 et
1191 364 1335 401 amor
1353 364 1411 401 ex
1430 347 1541 403 sola
1558 347 1855 411 oscellentia
1872 348 2035 402 unius
2052 361 2210 415 supra

328 428 558 493 reliquos
597 427 847 480 orientur.
928 428 1014 483 26.
1063 428 1153 479 111.
1204 427 1347 479 Eum
1372 428 1568 493 ubique
1597 442 1705 477 esse
1732 430 2093 493 praesentem,
2130 425 2210 477 vel

327 506 500 557 omnia
515 505 615 571 ipsi
632 510 824 571 patere.
863 504 917 556 Si
933 518 1015 559 res
1029 506 1202 570 ipsum
1215 504 1376 557 latere
1390 504 1736 566 crederentur,
1751 504 1830 555 vel
1848 505 2023 569 ipsum
2036 504 2212 555 omnia

327 583 497 639 videre
518 584 862 649 ignoraretur,
904 582 970 635 de
987 583 1241 649 aequitate
1261 580 1375 633 eius
1395 581 1651 643 iustitiae,
1690 595 1791 647 qua
1811 581 1987 633 omnia
2015 579 2208 645 dirigit,

329 658 648 713 dubitaretur
664 658 744 711 vel
765 659 876 725 ipsa
897 659 1236 725 ignoraretur.
1320 659 1411 711 IV.
1448 660 1625 726 Ipsum
1642 660 1895 712 momnia
1910 673 2213 725 simu-amum

328 739 520 789 habere
550 740 635 786 ius
663 741 719 787 et
743 736 1058 799 dominium,
1097 746 1194 789 nec
1212 736 1415 802 aliquid
1432 737 1545 791 iure
1564 742 1825 797 coactum,
1866 735 1957 787 sed
1979 750 2036 787 ex
2056 734 2213 787 abso·-

329 815 435 865 luto
467 812 790 881 beneplacito
820 820 872 864 et
899 813 1148 879 singulari
1177 816 1338 879 gratia
1367 814 1551 866 facere.
1624 816 1821 867 Omnes
1840 814 1979 868 euim
2000 812 2098 879 ipsi
2118 812 2214 863 eb·-

329 892 496 943 solute
515 890 725 943 obedire
745 896 1006 952 tenentur,
1039 892 1152 958 ipse
1171 898 1346 945 autem
1367 891 1579 942 nemini.
1652 890 1739 945 27.
1779 892 1842 941 V.
1884 890 2091 946 Cultum
2108 890 2216 942 Dei

329 972 542 1035 eiusque
571 968 929 1020 obedientiam
953 970 1011 1018 in
1035 969 1149 1020 sola
1177 970 1387 1019 iustitia
1416 972 1470 1033 et
1494 970 1725 1019 caritate
1751 970 1861 1019 sive
1882 982 2063 1019 amore
2078 984 2215 1035 erga

325 1048 632 1113 proximum
651 1048 954 1097 consistere.
1025 1046 1116 1097 VI.
1157 1046 1346 1097 Omnes
1361 1084 1373 1107 ,
1414 1048 1510 1111 qui
1526 1048 1627 1103 liae
1646 1044 1855 1099 vivendi
1866 1048 2079 1095 ratione
2099 1046 2213 1097 Deo

331 1123 608 1185 obediunt,
644 1124 818 1175 salvos
847 1126 1052 1175 tantum
1079 1139 1214 1187 esse,
1253 1124 1489 1189 reliquos
1517 1128 1721 1185 autem,
1762 1124 1857 1187 qui
1872 1124 1969 1178 suli
1990 1126 2213 1189 imperio

327 1201 656 1267 voluptatum
685 1203 896 1265 vivunt,
927 1200 1190 1267 perditos.
1263 1201 1317 1251 Si
1350 1200 1589 1251 homines
1618 1198 1716 1251 hoc
1742 1198 1955 1254 firmiter
1974 1215 2078 1253 non
2099 1215 2216 1253 cre-

331 1278 534 1340 derent,
576 1276 704 1329 nihil
733 1291 922 1329 causae
959 1284 1126 1338 esset,
1169 1292 1260 1329 cur
1290 1278 1397 1329 Deo
1434 1280 1637 1343 potius,
1677 1292 1833 1341 quam
1861 1276 2213 1345 voluptatibus

331 1355 681 1420 obtemperare
719 1354 950 1406 mallent.
1041 1356 1128 1407 28.
1183 1349 1295 1405 vu.
1349 1355 1586 1420 Denique
1621 1354 1794 1406 Deum
1823 1356 2216 1419 poenitentibus

321 1436 545 1499 peccata
564 1432 879 1485 condonare.
951 1432 1138 1483 Nullus
1160 1430 1301 1482 enirn
1322 1438 1428 1491 est,
1470 1432 1683 1497 quinon
1713 1439 1911 1496 peccet.
1986 1432 2041 1481 Si
2062 1433 2217 1497 igitur

330 1509 428 1561 hoc
457 1523 558 1559 non
591 1516 927 1570 statueretur,
968 1523 1148 1561 omnes
1179 1508 1242 1559 de
1271 1522 1365 1559 sua
1394 1509 1561 1559 salute
1590 1508 1947 1574 desperarent,
1987 1522 2081 1559 nec
2110 1507 2215 1559 ulla

331 1593 470 1637 esset
497 1585 651 1648 ratio,
691 1600 810 1638 cum
839 1587 1008 1637 Deum
1038 1586 1426 1638 misericordem
1456 1587 1749 1643 crederent:
1790 1586 1879 1651 qui
1918 1593 2087 1637 autem
2119 1584 2217 1637 hoe

329 1662 544 1715 firmiter
581 1663 770 1723 credit,
827 1662 1064 1722 videlicet,
1098 1665 1264 1714 Deum
1305 1678 1363 1715 ex
1402 1662 1751 1717 misericordia
1789 1669 1843 1714 et
1874 1663 2061 1727 gratia,
2111 1677 2217 1729 qua

329 1744 501 1794 omnia
533 1741 732 1806 dirigit,
773 1740 1040 1792 hominum
1071 1750 1277 1808 peccata
1306 1742 1623 1798 condonare.
1646 1749 1717 1793 'et
1745 1740 1837 1792 hac
1865 1739 1931 1792 de
1968 1753 2124 1791 causa
2160 1740 2216 1792 iu

328 1812 422 1862 Dei
445 1825 618 1862 amore
640 1811 805 1874 magis
827 1810 1146 1871 incenditur,
1188 1812 1233 1862 is
1255 1826 1423 1862 revera
1448 1812 1711 1862 Christum
1740 1809 2029 1862 secundum
2060 1811 2218 1876 spiri-

332 1898 440 1940 tum
473 1889 641 1946 novit,
683 1894 731 1938 et
760 1886 994 1938 Christus
1021 1888 1074 1936 in
1107 1901 1165 1936 eo
1195 1895 1296 1939 est..
1378 1888 1461 1940 29.
1511 1886 1682 1952 Atque
1710 1888 1833 1941 haec
1861 1888 2033 1938 omnia
2066 1902 2217 1939 nemo

332 1967 563 2030 ignorare
586 1969 754 2030 potest
775 1965 1008 2030 apprime
1031 1965 1239 2028 cognitu
1263 1963 1548 2015 necessaria
1570 1978 1715 2025 esse,
1740 1973 1796 2016 ut
1814 1966 2053 2016 homines
2075 1964 2217 2014 nullo

331 2051 536 2106 excepto
551 2080 564 2100 ‚
588 2057 645 2093 ex
667 2043 980 2107 praescripto
1004 2040 1128 2106 legis
1150 2056 1305 2107 sup-ra
1326 2040 1599 2105 explicato,
1624 2042 1731 2092 Deo
1752 2041 1963 2093 obedire
1982 2042 2213 2108 possint:

333 2135 452 2170 nam
475 2119 656 2168 horum
678 2118 852 2183 atiquo
875 2118 1078 2168 sublato
1103 2119 1297 2170 tollitur
1318 2118 1472 2169 etiam
1494 2118 1805 2170 obedientia.
1863 2119 1951 2170 30.
1972 2119 2215 2170 Ceterum

333 2195 456 2261 quid
477 2197 620 2248 Deus
639 2195 748 2252 sive
771 2195 894 2245 illud
919 2209 1064 2246 verae
1086 2197 1212 2248 vitae
1235 2197 1489 2261 exemplar
1508 2196 1603 2252 sit,
1646 2210 1709 2246 an
1742 2195 1940 2246 scilicet
1970 2197 2041 2246 sit
2058 2196 2213 2261 igniS,

333 2275 577 2340 spirituS‚
619 2272 698 2322 lux
715 2311 728 2332 ‚
762 2272 1001 2337 cogitatio
1022 2281 1118 2322 etc.
1137 2313 1149 2332 ,
1185 2274 1235 2324 id
1258 2274 1384 2324 nibil
1408 2271 1469 2322 ad
1493 2271 1643 2322 fidem
1663 2311 1675 2330 ,
1708 2279 1764 2322 ut
1784 2287 1879 2323 nec
1896 2275 2047 2324 etiam
2065 2311 2077 2332 ,
2115 2289 2217 2340 qua

334 2351 528 2400 ratione
555 2353 622 2400 sit
649 2364 802 2402 verae
832 2351 962 2401 vitae
979 2351 1265 2417 exemplar.
1306 2365 1373 2401 an
1396 2350 1593 2400 scilicet
1614 2357 1905 2416 propterea,
1940 2351 2077 2416 quod
2102 2352 2219 2403 ani-

335 2441 476 2478 mum
503 2429 697 2478 iustum
721 2436 769 2480 et
791 2429 1174 2478 misericordem
1199 2427 1367 2490 habet,
1392 2428 1467 2478 vel
1490 2428 1608 2492 quia
1630 2442 1711 2479 res
1732 2441 1913 2480 omnes
1932 2429 2218 2496 peripsum

335 2513 460 2555 suut
486 2511 538 2554 ct
567 2510 750 2567 agunt,
791 2513 842 2556 et
861 2510 1238 2570 consequenter
1259 2519 1354 2556 nos
1374 2507 1526 2556 etiam
1550 2520 1639 2570 per
1660 2507 1831 2570 ipsum
1852 2504 2213 2570 intelligimus,

335 2588 385 2631 et
406 2583 689 2648 peripsum
711 2581 790 2642 id,
831 2581 970 2648 quod
1002 2596 1205 2641 verum,
1247 2597 1473 2647 aequum
1503 2590 1553 2634 et
1584 2583 1779 2638 bonum
1812 2588 1917 2639 est,
1958 2582 2215 2643 videmuS,

336 2657 551 2724 perinde
573 2667 675 2721 est,
719 2658 967 2724 quicquid
989 2658 1052 2708 de
1075 2659 1152 2710 his
1176 2661 1540 2727 unusquisque
1560 2662 1819 2713 statuerit.
1894 2659 1980 2711 31.
2018 2657 2218 2710 Deinde

337 2735 462 2786 nihil
486 2735 640 2786 etiam
662 2734 724 2787 ad
745 2733 929 2797 fidem,
964 2736 1006 2784 si
1030 2735 1148 2799 quis
1169 2736 1340 2786 credat
1357 2775 1369 2792 .
1402 2738 1540 2801 quod
1563 2738 1704 2789 Deus
1725 2737 2011 2789 secundum
2036 2748 2221 2785 essen—

337 2811 458 2863 tiam
482 2813 561 2864 vel
583 2813 872 2864 secundum
895 2813 1175 2877 potentiam
1199 2811 1392 2878 ubique
1414 2816 1509 2875 sit;
1534 2813 1673 2879 quod
1693 2828 1775 2864 ‚res
1796 2813 1969 2877 dirigit
1990 2826 2049 2865 ex
2062 2811 2221 2865 liber-

337 2895 462 2952 tate,
488 2887 565 2938 vel
588 2889 897 2940 necessitate
918 2897 1155 2946 naturae:
1198 2891 1339 2955 quod
1362 2891 1501 2955 leges
1523 2900 1783 2955 tamquam
1806 2889 2048 2954 princeps
2067 2903 2220 2954 prae-

337 2965 558 3025 scribat,
599 2967 676 3017 vel
707 2975 968 3032 tamquam
1003 2973 1236 3018 aeternas
1274 2969 1511 3018 veritates
1551 2968 1755 3026 doceat:
1794 2965 1933 3030 quod
1972 2963 2125 3015 homo
2161 2979 2220 3017 ex

337 3043 534 3093 arbitrii
567 3041 830 3107 libertate,
869 3044 946 3094 vel
985 3057 1044 3094 ex
1085 3045 1393 3096 necessitate
1430 3044 1586 3095 divini
1626 3042 1816 3093 decreti
1844 3042 1954 3093 Deo
1992 3039 2213 3102 obediat,

338 3119 584 3186 quodque
604 3120 829 3185 denique
849 3123 1136 3186 praemium
1158 3120 1415 3174 bonorum
1439 3129 1674 3188 etpoena
1696 3119 1950 3170 malorum
1968 3119 2217 3173 naturalis

1695 3202 1797 3256 13*
