2548 3485
1089 201 1226 247 car».
1281 201 1390 248 v11.
1857 157 1861 164 Ι
2060 201 2087 258 1
2105 201 2181 261 1⁷

309 383 595 448 cogitemus
609 421 623 444 ‚
647 393 803 447 quam
822 377 885 432 de
904 379 967 431 iis
982 415 997 441 ,
1020 391 1150 444 quas
1169 385 1348 430 auctor
1366 379 1418 429 in
1441 385 1610 430 mente
1628 378 1812 432 habere
1831 382 2076 447 potuerit,
2103 381 2180 433 vel

310 473 439 526 quas
459 465 665 525 tempus
684 464 736 509 et
754 457 953 508 occasio
972 455 1209 521 exegerit.
1282 456 1435 518 Quod
1454 457 1664 522 quidem
1685 457 1930 508 omnihus
1951 465 2184 508 constare

311 538 564 588 existimo.
639 535 723 585 61.
763 533 1079 600 Saepissime
1098 534 1235 584 enim
1256 534 1521 599 contingit,
1550 540 1610 584 ut
1627 534 1920 586 consimiles
1940 534 2182 586 historias

309 615 365 666 in
404 611 619 665 diversis
658 609 805 662 libris
842 610 1107 675 legamus,
1148 609 1211 660 de
1239 609 1434 675 quibus
1464 609 1612 676 longe
1640 611 1898 662 diversum
1933 611 2182 662 iudicium

311 688 528 741 facimus
545 727 560 750 ,
597 703 692 755 pro
716 687 1005 739 diversitate
1025 684 1219 738 scilicet
1240 687 1542 753 opinionum
1559 726 1573 750 ,
1615 688 1744 754 quas
1766 687 1829 738 de
1849 687 2182 754 scriptoribus

312 765 585 818 habemus.
658 765 808 826 Scio,
852 778 934 814 me
962 765 1086 815 olim
1111 763 1163 814 in
1195 761 1326 814 libro
1354 763 1579 828 quodam
1609 765 1825 830 legisse,
1865 765 2060 826 virum,
2096 765 2186 814 *cu-i

312 857 497 894 nomen
518 841 898 893 eratOrlandus
919 841 1169 901 furiosus,
1192 847 1480 893 monstrum
1503 839 1762 907 quoddam
1783 841 1973 895 alatum
1993 842 2049 892 in
2069 845 2186 893 acre

310 921 497 986 agitare
526 920 691 970 solere
721 925 772 969 et
799 931 1140 983 quascunque
1168 915 1369 968 volebat
1403 917 1635 983 regiones
1673 910 2023 984 supervolare,
2064 931 2184 969 eum

308 1000 566 1062 ingentem
605 1009 879 1046 numerum
915 993 1185 1045 hominum
1222 999 1273 1044 et
1307 994 1572 1060 gigantum
1611 994 1781 1046 solum
1817 995 2096 1058 trucidare,
2137 1002 2187 1045 ct

310 1074 405 1124 alia
425 1072 725 1126 huiusmodi
745 1072 1121 1138 phantasmata,
1146 1085 1280 1136 quac
1301 1073 1493 1123 ratione
1512 1071 1801 1124 intellectus
1820 1072 1971 1138 plane
1989 1072 2186 1137 imper-

310 1151 569 1218 ceptibilia
589 1157 731 1200 sunt.
805 1149 889 1202 62.
927 1149 1064 1199 Huic
1087 1152 1260 1198 autem
1290 1149 1614 1200 consimilem
1644 1149 1906 1200 historiam
1927 1149 1979 1200 in
2002 1147 2184 1200 ovidio

308 1227 371 1279 de
390 1229 579 1278 Perseo
598 1224 817 1292 legeram
835 1225 907 1292 ¹),
934 1231 983 1276 et
1000 1224 1155 1276 aliam
1175 1224 1400 1290 denique
1420 1226 1474 1275 in
1494 1225 1639 1276 libris
1660 1225 1896 1276 Indicum
1917 1231 1967 1276 et
1983 1226 2185 1291 Regum

310 1304 374 1355 de
404 1305 685 1364 Samsone,
724 1302 814 1367 qui
844 1300 989 1352 solus
1021 1306 1073 1351 et
1100 1301 1314 1352 inermis
1343 1301 1502 1352 millia
1530 1300 1796 1353 hominum
1827 1301 2094 1354 trucidavit
2106 1302 2182 1365 ²),

309 1385 361 1430 et
390 1379 455 1430 de
472 1379 612 1441 Elia,
652 1380 741 1444 qui
771 1393 861 1445 per
892 1382 1007 1430 acra
1032 1376 1276 1429 volitabat
1305 1384 1355 1429 et
1381 1378 1586 1429 tandem
1617 1379 1778 1446 igneis
1797 1378 1945 1444 cquis
1965 1384 2016 1429 ct
2033 1392 2186 1429 curru

310 1456 511 1508 coelum
531 1457 678 1522 petiit
692 1454 767 1523 ⁸).
842 1457 973 1517 Hae,
1010 1456 1223 1521 inquam
1237 1494 1251 1517 ‚
1277 1455 1576 1507 consimiles
1596 1454 1748 1522 plane
1769 1455 2008 1505 historiae
2027 1461 2181 1515 sunt;

308 1523 531 1584 attamen
557 1532 706 1598 longe
738 1530 992 1583 dissimile
1018 1530 1268 1584 iudicium
1299 1531 1699 1601 deunaquaque
1717 1529 1960 1585 facimus:
2001 1544 2186 1596 nempe

309 1610 536 1676 primum
566 1623 669 1660 non
700 1609 799 1660 nisi
832 1623 996 1674 nugas
1024 1608 1248 1660 scribere
1279 1608 1534 1672 voluisse,
1577 1607 2066 1661 secundum‘antem
2105 1621 2188 1658 res

311 1687 570 1754 politicas,
615 1686 822 1737 tertium
843 1685 1070 1753 denique
1090 1700 1291 1748 sacras3
1333 1687 1535 1752 hocque
1555 1687 1694 1738 nulla
1713 1685 1812 1738 alia
1831 1685 1896 1738 de
1915 1699 2071 1736 causa
2089 1699 2188 1735 no-

310 1761 393 1815 bis
422 1763 799 1830 persuademus
814 1801 831 1826 ,
870 1777 1027 1829 quam
1058 1770 1266 1833 propter
1285 1764 1554 1830 opiniones
1570 1803 1585 1827 ,
1626 1778 1758 1831 quas
1777 1764 1840 1815 de
1859 1777 2034 1815 earum
2054 1762 2186 1814 scri-

311 1838 545 1905 ptoribus
565 1840 838 1892 habemus·
911 1840 998 1893 63.
1035 1841 1247 1893 Constat
1266 1842 1470 1907 itaque,
1511 1842 1747 1894 notitiam
1767 1848 2062 1902 auctorum,
2093 1840 2186 1905 qui

310 1931 392 1967 res
422 1915 670 1968 obscuras
698 1923 788 1968 aut
816 1915 1075 1967 intellectu
1102 1915 1534 1984 imperceptibiles
1573 1919 1917 1984 scripserunt,
1957 1916 2186 1985 apprime

312 1994 654 2045 necessariam
684 1988 831 2054 esse,
869 1993 914 2044 si
942 2008 1121 2045 corum
1149 1995 1341 2060 scripta
1361 1995 1676 2061 interpretari
1695 1994 1960 2054 volumus;
2000 1992 2186 2045 iisdem

312 2071 465 2121 etiam
494 2070 557 2121 de
586 2070 788 2131 causis,
828 2076 889 2119 ut
912 2084 971 2121 ex
998 2072 1150 2121 variis
1180 2070 1514 2123 obscurarum
1535 2070 1859 2122 historiarum
1877 2068 2188 2121 lectionibus

310 2161 453 2199 veras
483 2146 667 2211 eligere
696 2160 1003 2213 possemus,
1042 2160 1255 2199 necesse
1285 2153 1364 2199 est
1389 2148 1550 2213 scire,
1589 2149 1641 2198 in
1673 2160 1896 2214 quorum
1913 2146 2187 2212 exemplari

310 2224 475 2275 variae
502 2222 596 2273 hac
624 2221 872 2275 lectiones
900 2228 1129 2289 repertae
1156 2224 1332 2278 sintet
1351 2240 1418 2276 an
1437 2238 1540 2275 non
1561 2224 1734 2289 plures
1753 2222 1883 2275 aliae
1902 2222 2040 2289 apud
2059 2224 2186 2275 alios

311 2300 517 2351 maioris
536 2299 851 2351 auctoritatis
872 2300 1005 2351 viros
1023 2314 1253 2366 unquam
1274 2301 1466 2353 fuerint
1483 2304 1733 2353 inventae.

415 2376 500 2427 64.
538 2376 659 2430 Alia
688 2376 911 2442 denique
938 2375 1213 2429 difficultas
1243 2378 1493 2444 quosdam
1523 2376 1680 2429 libros
1701 2378 1990 2443 scripturae
2019 2393 2078 2429 ex
2093 2376 2188 2429 hac

315 2452 551 2506 methodo
588 2450 953 2521 interpretandi
990 2454 1044 2505 in
1080 2468 1140 2505 eo
1168 2460 1277 2517 cst,
1318 2456 1459 2521 quod
1495 2470 1582 2507 eos
1624 2454 1803 2507 eadem
1840 2455 2046 2522 lingua,
2087 2472 2189 2523 qua

312 2530 537 2595 primum
572 2530 749 2596 scripti
789 2530 1025 2593 fuerunt,
1067 2545 1171 2583 non
1206 2530 1458 2584 habeamu
1492 2567 1507 2582 .
1578 2531 1910 2597 Evangelium
1938 2534 2074 2585 enim
2104 2548 2190 2585 se-

312 2602 543 2656 cundum
574 2606 894 2661 Matthaeum
934 2614 984 2660 et
1018 2606 1132 2659 sine
1172 2607 1331 2661 dubio
1367 2546 1520 2661 etiair
1565 2608 1778 2675 epistola
1825 2610 1890 2661 ad
1924 2610 2187 2661 Hebraeos

312 2680 563 2734 Hebraice
598 2698 659 2734 ex
694 2685 958 2735 communi
995 2684 1237 2750 opinione
1273 2687 1462 2751 scripta
1498 2692 1651 2749 sunt,
1678 2683 1682 2687 ’
1710 2701 1843 2753 quae
1879 2694 2050 2737 tamen
2085 2700 2188 2737 non

311 2765 528 2811 exstant.
576 2761 653 2810 De
672 2760 802 2812 libro
822 2769 993 2813 autem
1013 2761 1124 2812 Iohi
1145 2760 1428 2823 dubitatur,
1451 2777 1552 2830 qua
1575 2764 1748 2829 lingua
1766 2764 1992 2827 scriptus
2011 2759 2184 2812 fuerit.

308 2835 463 2889 Aben
494 2838 661 2888 Hezra
700 2838 755 2890 in
788 2839 899 2889 suis
936 2840 1320 2891 commentariis
1347 2838 1585 2905 affirmat,
1627 2854 1744 2893 cum
1782 2853 1841 2891 ex
1876 2838 1976 2891 alia
2011 2838 2186 2903 lingua

412 3044 457 3092 1)
491 3040 593 3085 vid.
613 3040 745 3085 Ovid.
766 3045 957 3089 metam.
976 3040 1007 3085 l.
1026 3044 1068 3083 4.
1091 3054 1131 3087 v.
1150 3044 1243 3085 614.
1266 3054 1368 3098 sqq.

412 3102 457 3151 2)
495 3100 642 3145 ludic.
664 3113 705 3145 c.
726 3102 789 3141 15.
811 3114 853 3145 v.
874 3104 941 3144 15.
960 3114 1031 3159 sq.
1070 3114 1111 3147 c.
1132 3102 1197 3145 16.
1219 3116 1259 3147 v.
1277 3104 1346 3145 30.

414 3160 461 3213 3)
496 3162 523 3202 2
540 3161 651 3217 Reg.
673 3173 713 3205 c.
733 3163 773 3205 2.
794 3174 837 3207 v.
858 3166 921 3207 u.
