2548 3485
575 74 590 102 t

369 128 450 189 64
771 135 1162 180 TRAGTATUS
1201 134 1603 183 mnssnfflofflco
1616 164 1634 173 -
1646 137 1855 184 poLl'r.

367 310 526 373 bunt,
565 311 684 365 ideo
701 312 780 366 lex
801 313 1164 379 distinguenda
1185 314 1385 367 videtur
1411 314 1833 367 ‚inhumanam
1861 321 1913 366 et
1935 315 2251 374 divinam->3

365 404 457 457 per
493 389 828 447 humanam
865 392 1092 457 intelligo
1130 394 1377 445 rationem
1418 393 1655 457 vivendi,
1712 407 1847 459 quae
1882 392 1945 443 ad
1983 391 2254 445 tutandam

367 468 520 520 vitam
558 475 611 521 et
645 467 1014 536 rempublicam
1054 477 1250 523 tantum
1288 471 1535 536 inservi23
1590 484 1680 536 per
1729 470 2011 521 divinam
2057 476 2253 533 antem,

367 560 500 611 quae
519 546 689 598 solum
709 560 976 599 summum
996 546 1192 599 bonum
1207 586 1221 608 ‚
1266 547 1363 599 hoc
1381 554 1487 611 est,
1522 550 1623 599 Dei
1642 558 1811 599 veram
1832 547 2175 613 cognitionem
2204 552 2257 597 et

367 638 596 683 amorem
613 630 826 689 spectat.
895 626 1066 686 Ratio,
1089 638 1184 675 cur
1200 624 1335 675 hanc
1354 624 1516 688 legem
1538 637 1661 676 voco
1682 624 1926 686 divinam,
1951 631 2030 675 est
2049 631 2256 691 propter

365 702 560 753 summi
585 700 712 752 honi
734 708 1004 764 >naturum,
1043 716 1199 767 quam
1228 700 1313 755 hic
1342 702 1522 768 paucis
1539 740 1553 764 ,
1594 708 1645 753 et
1683 716 1843 767 qnam
1884 700 2020 753 clare
2056 708 2251 766 potero,

369 778 474 829 iam
493 779 786 831 ostendam.
1792 808 1794 815 2

473 854 556 907 10.
597 855 774 917 Quum
805 854 987 906 melior
1014 868 1134 920 pars
1171 856 1335 907 nostri
1370 854 1440 905 sit
1474 854 1792 921 intellectus,
1832 862 2029 907 certum
2067 860 2169 914 est,
2210 852 2257 904 si

367 938 604 984 nostrum
633 932 759 983 utile
789 944 958 984 revera
990 944 1235 998 quaerere
1261 930 1508 997 velimus,
1548 948 1645 984 nos
1682 948 1839 999 supra
1869 934 2038 985 omnia
2070 929 2259 983 debere

367 1010 570 1072 conari,
602 1016 660 1060 ut
679 1024 829 1071 eum,
869 1016 1122 1075 quantum
1145 1008 1258 1061 fieri
1273 1016 1472 1077 potest,
1508 1010 1865 1076 perficiamus;
1903 1012 1959 1061 in
1980 1011 2094 1061 eius
2116 1008 2257 1059 enim

366 1085 676 1149 perfectione
739 1098 1048 1139 summum
1104 1092 1401 1139 nostrum
1458 1086 1695 1139 bonum
1751 1088 2033 1140 consistere
2084 1083 2257 1136 debet.

367 1162 527 1213 Porro
564 1164 812 1229 quoniam
851 1164 1022 1214 omnis
1057 1170 1232 1216 nostra
1257 1166 1481 1231 cognitio
1516 1172 1569 1217 et
1594 1166 1876 1227 certitudo,
1916 1178 2049 1230 quae
2085 1175 2258 1213 revera

368 1253 522 1291 omne
551 1238 773 1293 dubium
801 1240 960 1303 teuit,
997 1254 1030 1293 a
1070 1242 1178 1293 sola
1206 1242 1303 1293 Dei
1338 1243 1629 1307 cognitione
1667 1242 1945 1309 dependet3
1986 1248 2097 1292 tum
2136 1240 2259 1305 quia

367 1316 480 1367 sine
507 1317 618 1367 Deo
658 1317 786 1369 nihil
824 1332 942 1371 esse
981 1333 1152 1384 neque
1187 1320 1385 1385 concipi
1422 1326 1621 1385 potest,
1662 1326 1773 1372 tum
1812 1319 1996 1379 etiam,
2037 1318 2157 1383 quia
2194 1316 2259 1373 de

368 1392 614 1445 omnihus
653 1392 890 1447 dubitare
925 1410 1237 1462 possumus,
1297 1410 1455 1461 quam
1492 1396 1583 1447 diu
1618 1397 1713 1447 Dei
1752 1396 1946 1447 nullam
1983 1395 2171 1445 claram
2208 1400 2260 1444 et

372 1470 668 1538 distinctam
688 1470 942 1525 habemus
962 1472 1162 1524 ideam:
1201 1472 1322 1523 hinc
1342 1474 1595 1538 sequitur,
1619 1486 1885 1525 summum
1907 1478 2141 1523 nostrum
2162 1469 2261 1522 boa-

369 1563 495 1599 num
515 1556 569 1601 et
585 1549 952 1616 perfectionem
973 1564 1002 1601 a
1023 1549 1134 1601 sola
1147 1550 1243 1601 Dei
1259 1550 1551 1615 cognitione
1568 1550 1793 1616 pendere
1810 1557 1907 1601 etc.
1952 1552 2034 1603 11.
2056 1548 2259 1599 Deinde
2284 1566 2289 1569 ·

369 1640 533 1689 quum
570 1625 702 1677 nihil
739 1628 854 1681 sine
889 1627 998 1677 Deo
1035 1639 1129 1677 nec
1167 1639 1287 1679 esse
1324 1640 1418 1677 nec
1453 1628 1653 1693 concipi
1690 1628 1883 1693 possit,
1918 1633 2121 1679 certum
2159 1632 2257 1687 est,

369 1704 542 1755 omnia
562 1739 577 1763 ,
617 1716 750 1768 quae
785 1704 840 1756 in
874 1710 1058 1756 natura
1097 1710 1223 1756 sunt
1243 1742 1258 1766 ,
1296 1704 1391 1754 Dei
1430 1710 1735 1771 conceptum
1773 1719 1865 1772 pro
1902 1704 2095 1756 ratione
2132 1716 2260 1755 suae

368 1779 622 1833 essentiae
667 1793 904 1846 suaeque
945 1779 1273 1846 perfectionis
1320 1781 1573 1834 involvere
1625 1789 1779 1846 atque
1830 1782 2143 1848 exprimere,
2200 1792 2261 1832 ac

367 1855 584 1920 proinde
603 1870 726 1918 nos,
766 1872 874 1923 quo
893 1858 1057 1924 magis
1087 1873 1168 1909 res
1198 1857 1460 1910 naturales
1488 1859 1880 1924 cognoscimus,
1920 1871 1981 1910 eo
2010 1859 2257 1908 maiorem

369 1939 420 1994 et
440 1931 795 1997 perfectiorem
813 1934 908 1987 Dei
941 1936 1288 2000 cognitionem
1314 1937 1603 2002 acquirere:
1640 1935 1718 1986 vel
1740 1934 2011 2002 (quoniam
2034 1935 2259 2000 cognitio

369 2007 582 2061 effectus
611 2025 704 2076 per
739 2024 949 2064 causam
985 2012 1114 2064 nihil
1151 2013 1291 2065 ali-nd
1328 2019 1435 2076 est,
1474 2027 1631 2078 quam
1672 2025 1859 2064 causae
1895 2013 2257 2079 proprietatem

369 2085 596 2152 aliquam
617 2089 956 2158 cognoscere)
973 2104 1080 2154 quo
1101 2091 1266 2156 megis
1282 2105 1367 2142 res
1385 2091 1645 2142 naturales
1666 2091 2027 2155 cognoscimus
2042 2127 2057 2151 ,
2082 2103 2143 2138 eo
2162 2087 2259 2139 Dei

369 2165 652 2217 essentiam
683 2163 846 2231 (quae
867 2167 1102 2220 omnium
1123 2177 1471 2220 rerumrcausa
1490 2167 1596 2234 est)
1626 2166 1909 2232 perfectius
1928 2177 2256 2232 cognoscere.

371 2241 457 2296 12.
494 2239 665 2306 Atque
701 2241 830 2294 adeo
865 2249 968 2296 tota
1005 2253 1194 2296 nostra·
1218 2244 1467 2308 cognitio,
1506 2243 1605 2294 hoc
1640 2252 1744 2306 est,
1784 2257 2102 2294 summum
2140 2257 2261 2294 no·-

369 2324 572 2369 strum
600 2318 864 2386 bonum,
902 2334 1004 2372 non
1035 2328 1234 2373 tantum
1264 2321 1409 2371 sDei
1436 2321 1725 2384 cognitione
1760 2320 2045 2387 dependet,
2085 2319 2180 2371 sed
2204 2321 2261 2372 in

371 2393 550 2444 eadem
569 2397 782 2446 omnino
801 2399 1062 2460 consistit3
1105 2398 1246 2464 quod
1265 2398 1417 2448 etiem
1440 2411 1498 2448 ex
1517 2396 1613 2448 hoc
1640 2399 1901 2464 sequitur,
1942 2395 2082 2464 qnod
2105 2397 2262 2449 horne

368 2484 461 2536 pro
488 2477 673 2524 natura
703 2479 756 2523 et
783 2474 1094 2540 perfectione
1121 2477 1228 2536 rei,
1268 2487 1424 2540 quam
1444 2486 1567 2540 prae
1585 2474 1797 2540 reliquis
1819 2484 1984 2538 amat,
2025 2490 2085 2527 eo
2106 2477 2259 2526 etiam

367 2547 640 2613 perfectior
669 2557 777 2613 est,
817 2558 868 2602 et
895 2559 1090 2604 contra.
1159 2552 1413 2616 Adeoque
1432 2551 1517 2603 ille
1538 2553 1827 2604 necessario
1844 2553 2261 2620 perfectissimus

368 2631 452 2676 est
480 2632 532 2676 et
561 2625 626 2678 de
655 2640 862 2680 summa
893 2627 1214 2684 beatitudine
1241 2630 1459 2682 maxime
1497 2631 1791 2696 pcrticipat,
1833 2632 1925 2696 qui
1956 2629 2083 2691 Dei,
2123 2629 2259 2680 entis

371 2704 618 2754 nimirum
647 2703 1041 2770 perfectissimi,
1079 2706 1475 2760 intellectualem
1514 2708 1857 2772 cognitionem
1898 2720 2056 2771 supra
2085 2705 2259 2758 omnia

370 2788 507 2832 amat
559 2780 848 2848 eademque
901 2785 1118 2836 maxime
1175 2784 1473 2836 delectatur.
1564 2785 1683 2834 Huc
1734 2785 1908 2849 itaq-ue
1966 2789 2257 2834 nostrum

371 2869 681 2910 summum
709 2859 942 2911 bonnm
974 2867 1328 2926 nostraque
1354 2859 1695 2912 beatitudo
1723 2861 1880 2925 redit,
1918 2859 1973 2910 in
2000 2860 2261 2922 cognitio-

371 2947 494 2984 nem
531 2937 728 2988 scilicet
763 2943 814 2986 et
846 2951 1072 2988 amorem
1101 2937 1217 2988 Dei.
1294 2937 1377 2988 13.
1415 2937 1599 2992 Μοᾱίι,
1626 2937 1808 3002 igitur,
1848 2946 1979 3002 qnae
2013 2934 2099 2986 hic
2135 2935 2259 2988 finis

374 3010 609 3060 omnium
627 3012 971 3064 humanarum
992 3015 1271 3076 actionum,
1314 3027 1499 3079 nempe
1516 3015 1633 3081 ipse
1650 3016 1793 3067 Deus
1806 3053 1819 3077 ,
1861 3019 2117 3078 quatenns
2138 3015 2257 3064 eins

375 3081 488 3134 idea
505 3085 559 3134 in
580 3084 732 3137 nobis
751 3095 858 3151 est,
899 3091 1078 3156 exigit,
1118 3092 1294 3142 iussa
1324 3091 1440 3142 Dei
1466 3091 1632 3144 vocari
1662 3095 1907 3157 possunt,
1950 3089 2073 3153 quia
2102 3090 2257 3154 quasi
