2548 3485
1039 179 1176 224 cai».
1225 178 1293 224 x.
1337 152 1379 163 ““
1992 175 2111 238 257

231 355 519 410 revertitur.
590 355 722 409 Nam
744 355 1070 420 coniunctio,
1111 371 1212 424 qua
1237 355 1365 408 iilud
1394 363 1547 424 caput
1571 356 1778 424 incipit,
1819 359 1883 411 ad
1911 375 1961 411 v.
1983 361 2035 413 8.
2056 361 2109 412 9.

228 442 280 486 et
301 434 384 487 10.
405 433 562 485 huius
579 432 824 495 referturz
863 440 1017 500 atque
1036 443 1148 486 tum
1169 436 1321 501 longe
1340 435 1485 486 aliter
1502 434 1735 486 ultimam
1755 437 1999 488 Ieremiae
2016 449 2113 504 ap·-

230 511 628 578 prehensionem
657 510 907 562 describit
931 518 982 563 et
1010 525 1220 564 causam
1258 512 1533 564 diuturnae
1568 512 1684 564 eius
1710 513 2021 566 detentionis
2054 518 2109 565 in

230 590 358 642 atrio
377 587 642 641 custodiae
661 588 814 656 longe
832 588 984 641 aliam
1005 591 1176 654 tradit,
1200 605 1356 657 quam
1376 591 1581 657 quaein
1603 604 1717 658 cap.
1741 591 1827 642 ³⁷.
1846 599 2106 652 narratum

229 673 290 718 ut
319 666 451 718 clare
479 666 684 730 videas,
723 665 850 718 haec
885 667 1056 718 omnia
1092 681 1151 719 ex
1189 668 1405 720 diversis
1442 668 1701 720 historicis
1728 681 1845 720 esse
1881 668 2110 729 coliecta,

230 757 330 796 nec
347 743 450 796 nlla
469 743 572 796 alia
593 744 790 796 ratione
818 745 1050 796 excusari
1079 759 1252 812 posse.
1329 746 1413 798 11.
1450 744 1521 796 At
1548 744 1775 811 reliquae
1793 745 2109 813 prophetiae,

230 821 437 887 quaein
457 821 674 888 reliquis
695 821 952 888 capitibus
973 824 1319 887 continentur,
1360 821 1449 874 ubi
1470 823 1713 875 ieremias
1730 823 1786 874 in
1808 824 1971 889 prima
1992 837 2112 890 per-

229 911 362 950 sona
389 897 650 965 loquitur,
691 913 750 950 ex
773 899 1065 963 volumine,
1107 900 1245 966 quod
1274 898 1478 952 Baruch
1504 900 1623 967 ipso
1649 901 1865 952 Ieremia
1890 900 2113 952 dictante

229 975 470 1042 scripsit,
507 975 794 1042 descriptae
821 976 1077 1029 videntur.
1149 976 1208 1028 ld
1237 978 1377 1029 enim
1408 979 1493 1044 (ut
1519 991 1578 1029 ex
1595 990 1710 1044 cap.
1731 977 1817 1032 30.
1836 992 1889 1031 v.
1910 979 1963 1030 2.
1984 989 2115 1028 con-

229 1057 358 1118 stat)
377 1067 436 1105 ea
455 1059 657 1104 tantum
678 1053 1000 1117 continebat,
1037 1068 1174 1121 quae
1193 1054 1315 1106 huic
1334 1053 1614 1122 prophetae
1629 1054 1847 1108 revelata
1866 1054 2069 1106 merant
2085 1069 2111 1105 a

231 1139 462 1198 tempore
478 1131 646 1182 lasiae
663 1143 834 1196 nsque
852 1130 916 1182 ad
935 1145 1130 1183 annum
1151 1139 1393 1198 quartum
1412 1131 1747 1194 lehoiakim13
1784 1145 1815 1183 a
1834 1145 1941 1198 quo
1960 1133 2111 1182 etiam
2174 1151 2179 1158 ·

228 1215 460 1274 tempore
489 1206 574 1260 hic
601 1206 736 1258 liber
759 1209 958 1275 incipit.
1029 1209 1231 1260 Deinde
1257 1223 1317 1260 ex
1344 1208 1526 1260 eodem
1552 1208 1813 1262 volumine
1840 1209 1993 1261 etiam
2020 1208 2115 1260 de·-

228 1286 423 1351 scripta
458 1283 720 1347 videntur,
759 1299 894 1351 quae
929 1284 1186 1337 habentur
1219 1299 1279 1337 ex
1311 1299 1425 1352 cap.
1456 1287 1543 1338 45.
1580 1297 1714 1338 vers.
1751 1288 1806 1341 2.
1844 1299 2011 1352 nsque
2048 1287 2115 1338 ad

230 1377 348 1429 cap.
372 1361 457 1414 51.
476 1375 616 1414 vers.
640 1363 726 1414 59.
803 1364 886 1417 12.
928 1363 1082 1426 Quod
1111 1366 1283 1414 autem
1303 1363 1601 1414 Ezechielis
1619 1363 1756 1414 liber
1774 1363 2115 1429 fragmentum

228 1440 386 1492 etiam
403 1446 604 1491 tantum
622 1440 692 1490 sit
709 1477 722 1501 ‚
761 1440 815 1491 id
837 1441 990 1507 primi
1009 1440 1122 1491 eius
1141 1453 1323 1492 versus
1350 1439 1633 1492 clarissime
1660 1439 1909 1493 indicant.
1982 1441 2113 1502 Quis

227 1517 370 1569 enim
405 1529 508 1568 non
547 1515 688 1570 videt
725 1517 1172 1582 coniunctionem,
1214 1531 1317 1583 qua
1365 1516 1499 1569 iiber
1530 1518 1736 1584 incipit,
1778 1517 1843 1568 ad
1876 1517 1975 1568 alta
2011 1519 2115 1567 iam

229 1594 366 1646 dicta
393 1593 571 1646 referri
597 1600 650 1644 et
677 1606 796 1646 cum
815 1595 881 1647 iis
900 1593 1120 1648 dicenda
1139 1589 1481 1646 connectere?
1546 1594 1619 1646 At
1638 1607 1740 1646 non
1762 1600 1966 1646 tantum
1984 1604 2115 1644 eon-—

227 1672 459 1736 iunctio,
501 1670 594 1722 sed
625 1677 767 1722 totns
795 1672 950 1724 etiam
969 1672 1218 1724 orationis
1237 1677 1505 1724 contextus
1522 1671 1621 1723 aiia
1638 1673 1830 1741 scripta
1846 1671 2113 1738 supponit.

229 1750 316 1803 13.
353 1749 547 1801 Annus
565 1750 706 1801 enim
728 1750 1048 1815 trigesimus,
1089 1765 1118 1801 a
1135 1764 1242 1816 quo
1259 1749 1343 1802 hic
1360 1748 1493 1802 iiber
1508 1750 1717 1817 incipit,
1749 1749 1975 1803 ostendit
1992 1760 2115 1815 pro-
2218 1780 2225 1787 ·

227 1826 437 1895 phetam
477 1827 533 1878 in
569 1827 826 1878 narrando
861 1840 1098 1894 pergere,
1139 1842 1242 1879 non
1282 1833 1455 1879 autem
1490 1828 1744 1895 incipere:
1784 1827 1926 1895 quod
1961 1826 2113 1878 etiam

228 1906 450 1971 scriptor
487 1904 602 1969 ipse
635 1916 728 1969 per
759 1904 1090 1969 parenthesin
1127 1916 1263 1956 vers.
1304 1905 1351 1955 3.
1390 1904 1467 1955 sic
1504 1911 1673 1956 notstz
1725 1904 1933 1956 nme
1958 1916 2127 1971 saepe

228 1982 446 2033 verbum
462 1980 570 2031 Dei
592 1980 887 2046 Ezechieli,
912 1980 1040 2047 ,filio
1067 1980 1228 2042 Buzi,
1268 1980 1537 2032 sacerdoti
1562 1984 1621 2031 in
1647 1985 1800 2033 tm
1822 1978 2117 2033 chaldaeo-

226 2073 348 2110 mm
377 2062 482 2109 etc.
500 2096 514 2120 ,
554 2058 704 2123 quasi
733 2057 949 2119 diceret,
989 2057 1142 2109 verba
1168 2056 1479 2120 Ezechielis,
1524 2070 1655 2123 quae
1681 2057 1785 2109 huc
1816 2069 1987 2123 usqne
2020 2058 2117 2108 de-

231 2137 534 2203 scripserat,
575 2134 638 2185 ad
659 2132 756 2186 alia
776 2134 948 2185 referri
963 2172 978 2196 ,
1006 2148 1144 2201 quae
1163 2135 1262 2201 ipsi
1286 2140 1405 2185 ante
1425 2134 1561 2187 hunc
1579 2148 1775 2186 annum
1796 2134 2115 2200 trigesimum

229 2212 446 2264 revelata
477 2218 640 2263 erant.
710 2210 912 2263 Deinde
942 2212 1199 2279 Iosephus
1227 2210 1322 2263 lib.
1347 2212 1431 2264 10.
1458 2211 1679 2278 Antiqu.
1712 2225 1825 2279 cap.
1848 2211 1899 2263 9.
1922 2218 2109 2272 narrat,

231 2288 554 2341 Ezechielem
573 2288 888 2355 praedixisse
904 2326 919 2350 ,
943 2290 1084 2355 quod
1105 2288 1417 2342 Tsedechias
1432 2288 1755 2341 Bahiioniam
1774 2302 1877 2339 non
1896 2288 2113 2351 videret,

230 2365 374 2432 quod
393 2367 448 2416 in
465 2371 664 2428 nostro,
687 2378 842 2432 quem
864 2366 978 2417 eius
999 2365 1270 2430 habemus,
1292 2364 1425 2418 libro
1444 2380 1547 2418 non
1570 2365 1777 2433 legitur,
1798 2366 1894 2417 sed
1914 2372 2109 2428 contra,

231 2456 344 2510 cep.
367 2441 748 2506 scili-cet17.¹),
779 2442 918 2509 quod
939 2442 1261 2495 Bahiiouiam
1283 2450 1465 2509 captus
1484 2437 1758 2495 duceretur
1768 2444 1845 2509 θ).
1918 2443 2001 2495 1⁴.
2039 2444 2117 2495 Be

231 2521 404 2571 Hosea
434 2532 536 2571 non
567 2530 706 2571 certo
733 2520 906 2571 dicere
933 2534 1247 2586 possumus,
1288 2520 1428 2587 quod
1458 2520 1604 2587 plura
1624 2520 1914 2587 scripserit,
1953 2532 2117 2587 qnam

234 2598 440 2663 quaein
471 2594 606 2647 libro
621 2634 633 2657 ,
673 2598 762 2663 qui
784 2598 898 2648 eins
919 2595 1133 2659 dicitur,
1165 2599 1509 2649 continentur.
1582 2598 1823 2649 Attamen
1843 2599 2001 2649 miror
2018 2608 2124 2649 nos

233 2677 346 2725 eins
375 2672 525 2739 plura
553 2687 656 2724 non
685 2672 900 2736 habere,
939 2674 1031 2739 qui
1070 2689 1128 2725 ex
1165 2669 1463 2727 testimonio
1500 2676 1763 2742 scriptoris
1800 2674 1920 2740 pius
1958 2686 2114 2740 quam

233 2752 492 2816 octoginta
520 2756 742 2816 quatuor
772 2764 936 2803 annos
964 2750 1301 2818 prophetavit.
1376 2752 1462 2805 15.
1499 2752 1613 2803 Hoc
1640 2752 1822 2803 saltem
1851 2752 1905 2802 in
1932 2763 2121 2816 genere

233 2830 458 2891 scimus..
503 2827 690 2880 horum
717 2827 968 2880 librorum
989 2829 1264 2895 scriptores
1284 2842 1455 2895 neque
1473 2830 1705 2882 omnium
1724 2827 2111 2895 prophetarum,

333 2966 376 3016 1)
412 2962 514 3007 vid.
531 2962 704 3008 Ezech.
725 2963 792 3020 1⁴1,
813 2965 878 3007 12.
899 2964 965 3007 16.
984 2964 1053 3006 2⁰.

333 3033 379 3084 2)
415 3031 568 3088 Atque
587 3030 706 3075 adeo
725 3030 954 3087 suspicari
974 3033 1204 3087 potuisset
1232 3045 1397 3087 nemo,
1438 3033 1538 3078 eius
1566 3028 1859 3087 prophetiam
1882 3028 2115 3074 ieremiae

234 3090 544 3145 praedictioni
589 3091 910 3137 contradicere
930 3124 944 3149 ‚
999 3099 1051 3137 ut
1093 3104 1149 3137 ex
1195 3092 1381 3149 losephi
1428 3092 1693 3137 narratione
1737 3088 1962 3143 suspicati
2006 3095 2116 3133 sunt

235 3162 398 3195 omnes
412 3150 605 3206 asenec
624 3162 680 3195 ex
698 3151 764 3196 rei
786 3156 952 3196 eventu
971 3152 1138 3198 ambos
1159 3164 1265 3199 vera
1286 3151 1574 3209 praedixisse
1592 3154 1923 3205 coguoverunt.
1981 3145 2068 3203 Sp.
