2548 3485
1067 127 1204 172 cn.
1256 124 1353 171 111.
2054 115 2177 177 285

295 328 354 374 ut
389 324 606 409 ηἾΡΒΙῆ
633 319 906 389 &placeam
925 319 1016 373 nbi
1038 321 1264 387 primum
1283 316 1465 373 seheva
1485 318 1783 387 corripitur,
1822 323 1872 369 et
1889 314 2177 369 seeundum

244 433 252 442 ·
294 386 680 473 pronufitfaiur.
733 407 907 474 Atque
924 406 1046 459 hine
1063 405 1122 458 fit
1134 444 1148 466 ,
1176 411 1236 457 ut
1255 404 1441 457 soheva
1458 403 1561 457 sub
1578 404 1725 457 litera
1742 410 1935 471 puncto
1955 401 2177 467 dagesch

296 499 469 545 notate
489 486 643 545 etia‘m
663 493 1042 559 pronuntietur,
1063 498 1122 544 ut
1157 496 1329 581 ηἾΡΕ)
1351 491 1607 559 pilekedu.
1676 492 1809 556 Nam
1844 496 2097 557 punctum
2123 488 2179 539 in

295 585 340 646 ,⁸9
375 578 584 631 denotat
621 583 664 669 Ρ
701 577 1088 647 duplicandum,
1111 584 1160 629 et
1177 556 1406 645 primum
1426 576 1808 645 corripiendum
1826 589 1963 628 esse.
2000 576 2067 625 Et
2085 572 2181 625 hae

186 659 193 692 ἓ
295 666 452 718 etiam
479 665 544 718 de
573 678 728 717 eausa
753 665 1114 733 pronuntiatur
1143 664 1353 728 seheva,
1396 662 1609 730 quando
1635 676 1739 714 una
1764 663 1910 714 litera
1936 662 1989 712 in
2008 658 2180 711 medio

297 751 564 814 dictionis,
599 750 691 803 sed
711 764 817 802 non
833 750 968 802 inter
986 750 1116 803 duas
1132 740 1337 803 vocales
1357 749 1677 816 duplieatur‚
1717 756 1777 800 ut
1811 750 1945 810 'mn
1980 747 2176 808 hinni,

295 834 389 887 ubi
415 836 598 890 seheva
617 834 718 888 sub
737 837 903 905 primo
937 840 966 897 2
1001 834 1445 904 pronuntiandum
1484 842 1579 888 est.
1650 836 1781 888 Nam
1810 817 1863 887 si‘
1877 814 2183 900 ἐἶσι-ἡμίω-

297 922 423 975 du'm
445 930 602 986 esset,
625 917 836 975 deberet
854 923 1009 974 etiam
1044 926 1073 983 2
1111 924 1319 990 corripi,
1350 915 1738 974 et'nnteeedenti
1758 918 1983 989 syllabae
2002 916 2183 985 gbirek

295 999 588 1075 adhaerere,
611 1014 663 1061 et
681 1007 792 1062 loco
829 1010 962 1101 7225]
991 1008 1171 1060 hinem·
1198 1007 1530 1061 scribendum
1564 1014 1704 1061 esset
1736 1009 1848 1072 ‘jn
1876 1007 2044 1057 hinni.

403 1122 488 1173 16.
527 1121 766 1172 Ceterum
803 1120 1004 1187 reliqna
1039 1119 1279 1173 sehevata
1322 1134 1531 1189 semper
1573 1118 1944 1187 corripiuntur,
1992 1125 2045 1170 et
2089 1131 2185 1184 ap-

295 1198 462 1265 prime
488 1196 804 1259 notandum,
847 1212 943 1248 nos
962 1210 1200 1263 expresse
1217 1199 1513 1260 monuisse,
1556 1212 1710 1249 omne
1737 1196 1921 1249 seheva
1950 1209 2185 1263 pronun-

297 1274 534 1326 tiandum
553 1274 633 1327 vei
652 1275 800 1327 initio
813 1313 828 1337 ‚
872 1274 952 1327 ve}
967 1275 1022 1325 in
1043 1273 1216 1326 medio
1237 1274 1479 1327 dictionis
1499 1288 1786 1327 occurrere.
1858 1276 1989 1327 Nam
2008 1274 2065 1325 in
2083 1271 2185 1325 tine

297 1365 584 1418 numquam
612 1352 991 1419 pronuntiatur.
1065 1351 1220 1414 Quod
1233 1358 1309 1404 ‚ut
1328 1351 1515 1404 meiius
1535 1352 1876 1419 intelligatur,
1900 1350 2187 1403 notandum

247 1425 252 1431 ’
297 1428 384 1479 hie
411 1433 517 1491 est,
558 1427 698 1494 quod
727 1428 912 1481 seheva
941 1442 1094 1479 omne
1122 1435 1202 1481 est
1221 1428 1459 1481 absoluta
1477 1427 1698 1497 syllaba,
1737 1443 1870 1496 quae
1888 1428 1999 1481 sola
2018 1425 2185 1479 audiri
2236 1461 2243 1469 ·

296 1505 491 1573 possit,
529 1504 624 1557 sed
649 1520 857 1573 semper
881 1504 960 1558 vei
990 1504 1312 1559 antecedenti
1342 1507 1419 1559 vei
1448 1508 1685 1572 sequenti
1698 1506 1979 1563 ,adhaerere
2001 1504 2183 1566 debet3

295 1588 452 1649 atque
496 1581 618 1634 hine
666 1580 749 1646 fit,
797 1589 858 1635 ut
904 1582 1106 1637 nulium
1150 1583 1571 1651 monosyllabum
1618 1582 1855 1637 schevate
1889 1588 2183 1652 punctetur.

299 1659 384 1712 17.
423 1658 574 1712 Unde
598 1665 812 1727 apparet
837 1659 1021 1712 seheva
1052 1668 1350 1728 correptum
1379 1660 1508 1713 nihii
1528 1674 1671 1724 esse,
1712 1676 1872 1729 quam
1890 1678 1919 1711 e
1937 1659 2185 1712 brevissi·
2286 1709 2293 1715 .

293 1751 443 1790 mum
489 1736 817 1806 praecedenti
862 1736 1090 1803 syllabae
1138 1738 1423 1792 adhaerens
1436 1755 1471 1802 ς·
1517 1738 1961 1807 pronuntiandum
2011 1745 2185 1790 autem

298 1813 428 1866 nihii
443 1814 588 1866 aliud
603 1823 685 1868 est
700 1852 717 1876 ,
755 1829 914 1882 quam
933 1833 962 1866 e
979 1814 1348 1869 brevissimum
1367 1819 1609 1888 sequenti
1626 1817 1853 1886 syllabae
1871 1816 2183 1876 adhaeream

297 1891 441 1958 quod
459 1892 582 1958 quia
599 1897 721 1944 'ante
739 1891 990 1960 synabam
1009 1894 1228 1945 sentitur
1240 1932 1255 1956 ‚
1288 1893 1407 1946 ideo
1423 1895 1592 1961 ipsius
1610 1895 1959 1962 pronuntiatio
1979 1907 2188 1960 expres·-

299 1969 406 2020 sior
433 1976 532 2021 est.
607 1969 690 2022 18.
727 1969 875 2021 Unde
895 1971 1156 2037 sequitur,
1199 1970 1252 2022 in
1273 1971 1422 2024 initio
1442 1972 1683 2023 dictionis
1701 1969 2027 2038 impossibile
2046 1974 2203 2031 esse,'

298 2052 359 2096 ut
387 2045 714 2113 praecedenti
741 2045 970 2112 syllabae
996 2046 1293 2111 adhaereat3
1332 2050 1387 2100 in
1408 2048 1519 2101 fine
1546 2056 1721 2101 autem
1740 2054 1915 2100 eontra
1932 2043 2186 2113 impossi-
2288 2057 2295 2064 ·

299 2121 405 2175 bile
433 2137 580 2186 esse,
619 2131 678 2176 ut
703 2125 942 2190 sequenti
969 2123 1271 2188 adhaereat,
1295 2115 1547 2193 ¹adeoque
1572 2127 1631 2178 in
1649 2125 1751 2178 fine
1770 2124 2045 2183 dictionis,
2080 2123 2186 2174 sive

298 2205 417 2266 post
433 2199 682 2268 syllabam
700 2199 926 2267 longam,
943 2203 1050 2254 sive
1069 2209 1188 2269 post
1206 2202 1433 2267 brevem,
1448 2204 1557 2257 sive
1574 2201 1677 2255 sub
1695 2202 1839 2256 litera
1858 2199 2183 2268 dagesehate,

301 2278 408 2328 sive
427 2276 530 2330 leni
542 2316 558 2340 ,
599 2279 706 2330 sive
725 2279 952 2344 denique
969 2292 1135 2332 unum
1149 2319 1164 2347 ‚
1201 2280 1309 2334 sive
1326 2280 1432 2333 duo
1450 2288 1720 2333 occurrent
1734 2319 1749 2342 ‚
1786 2293 1995 2348 semper
2012 2284 2189 2329 tamen

300 2354 594 2420 corripitur.
667 2355 752 2408 ts.
801 2355 978 2420 Quum
1023 2363 1198 2410 autem
1244 2353 1302 2410 in'
1338 2358 1511 2412 medio
1548 2357 1787 2410 dictionis
1826 2363 1945 2425 post
1980 2356 2186 2420 longam
2218 2389 2227 2398 .

301 2432 548 2494 oeeurrit,
580 2432 770 2484 modus
787 2434 1155 2499 pronuntiandi
1175 2434 1433 2503 postulat,
1462 2443 1523 2487 ut
1548 2435 1789 2502 sequenti
1808 2433 2106 2494 adhaereat,
2138 2439 2189 2484 et
2282 2435 2288 2442 '

301 2509 346 2558 si
367 2508 472 2560 duo
488 2506 780 2573 oeeunsntg
814 2518 876 2562 ut
891 2512 1118 2576 primum
1135 2513 1460 2566 antecedenti
1472 2551 1487 2574 ‚
1518 2512 1809 2565 seeundum
1828 2511 2066 2577 sequenti
2085 2508 2186 2560 ad·-

302 2585 524 2638 haereat.
595 2587 756 2638 Porro
773 2586 898 2640 hine
914 2590 1069 2640 etiam
1089 2596 1254 2656 patet,
1279 2604 1371 2645 our
1391 2591 1448 2642 in
1466 2591 1615 2644 initio
1636 2591 1879 2642 dictionis
1900 2599 2185 2652 numquam

301 2661 406 2714 duo
432 2663 700 2727 sehevata,
741 2671 799 2716 ut
824 2679 920 2717 nee
945 2666 1100 2718 etiam
1128 2666 1180 2717 in
1211 2664 1385 2719 medio
1406 2667 1645 2721 dietionis
1664 2675 1783 2735 post
1801 2665 2048 2734 syllabam
2070 2663 2188 2712 ion-

300 2753 420 2806 μω
448 2748 738 2794 occurrant.
807 2743 939 2796 Nam
973 2741 1078 2794 duo
1113 2743 1351 2812 sehevata
1389 2747 1627 2813 sequenti
1658 2743 1883 2813 syllabae
1909 2740 2187 2794 adhaerere

300 2825 594 2884 nequeunt.
773 2821 780 2830 '
995 2853 998 2858 -

401 2911 491 2967 2⁰.
529 2913 826 2978 GutturaIes
871 2913 1056 2968 seheva
1097 2916 1542 2984 pronuntiandum
1586 2914 1775 2967 habere
1802 2917 2096 2982 nequeunt,
2135 2918 2188 2964 et

301 3001 418 3041 raro
444 2989 630 3044 seheva
655 2991 1038 3060 corripiendum
1065 2992 1282 3057 bahent;
1310 2993 1414 3046 'sed
1440 2995 1554 3048 eius
1582 2993 1696 3045 loeo
1726 2999 1830 3045 tres
1848 2988 2073 3058 syliabss
2090 2987 2186 3041 ha-

300 3064 429 3120 bent
461 3069 663 3121 medias
699 3071 832 3121 inter
861 3069 1073 3124 brevem
1113 3080 1164 3124 et
1196 3071 1584 3135 brevissimam,
1635 3083 1770 3137 quae
1805 3069 1879 3122 sic
1914 3072 2180 3120 notantur-2
