2548 3485
1071 163 1207 209 car.
1261 160 1424 208 xvn.
2056 177 2172 236 241

304 354 535 427 aequalis
572 368 779 423 semper
814 355 1025 419 fuisset,
1066 365 1117 408 et
1153 358 1327 408 omnia
1355 356 1684 408 securissime
1710 370 1827 409 sese
1856 354 2178 410 habuissent.

302 436 434 486 Nam
470 434 591 499 quis
627 434 711 485 ius
749 448 953 486 sacrum
988 448 1201 487 suorum
1241 434 1749 500 consanguineorum
1784 433 1969 487 violare
1997 433 2184 487 vellet?

304 512 408 575 Qui
437 510 579 562 aliud
598 510 835 574 mallent,
860 527 1019 578 qnam
1039 526 1165 564 suos
1182 513 1622 577 consanguineos,
1655 512 1834 563 fratres
1857 517 1910 563 et
1925 519 2180 580 parenteS,

303 582 362 641 ex‘
391 588 579 654 pietate
608 588 877 655 religionis
903 589 1069 652 alere,
1107 604 1263 655 quam
1292 589 1478 641 iisdem
1507 590 1681 655 legum
1712 590 2180 656 interpretationem

304 664 534 728 edoceri,
574 670 628 717 et
662 680 819 733 quam
850 666 1073 732 denique
1102 664 1169 717 ab
1186 665 1378 718 iisdem
1399 666 1566 718 divina
1588 680 1834 734 responsa
1853 662 2184 733 exspectare?

305 742 423 795 1⁰2.
454 743 656 795 Deinde
683 741 777 795 hac
804 745 997 795 ratione
1022 757 1207 797 omnes
1233 740 1400 794 tribus
1427 742 1576 808 longe
1605 744 1796 795 arctius
1823 744 2042 795 invicem
2063 743 2184 794 uni-

305 826 384 869 tae
422 821 769 885 mansissent,
810 822 857 872 si
895 820 1143 871 nimirum
1180 819 1426 871 omnibus
1465 821 1678 886 aequale
1715 821 1798 872 ius
1825 821 2014 872 fuisset
2037 834 2183 872 sacra

306 895 726 959 administrand13
766 898 1021 963 quinimo
1042 896 1172 950 nibil
1192 897 1478 949 timendum
1501 906 1663 961 esset,
1694 899 1738 949 si
1760 899 1871 967 ipsa
1890 898 2184 949 Levitnrum

310 972 487 1024 electio
508 974 658 1025 aliam
679 989 913 1037 causam,
936 989 1092 1041 quam
1118 976 1245 1026 Iram
1268 982 1319 1026 et
1334 974 1610 1027 vindictam
1631 975 1918 1027 habuisset.
1958 974 2060 1025 Sed
2079 974 2187 1025 sic-

308 1050 384 1100 uti
406 1049 655 1103 diximus:
694 1053 861 1103 Deum
885 1066 1041 1104 suum
1062 1052 1251 1104 iratum
1272 1050 1583 1113 habuerunt,
1619 1053 1708 1118 qui
1732 1053 1938 1117 ‚,ipsos,
1960 1058 2016 1102 ut
2034 1049 2185 1103 verbe

308 1126 592 1179 Ezechielis
612 1129 797 1181 iterum
819 1136 1045 1196 repetam
1060 1167 1073 1191 ,
1096 1130 1207 1181 suis
1226 1128 1533 1181 muneribus
1554 1128 1826 1194 impuravit
1840 1166 1856 1192 ,
1880 1126 2184 1179 remittendo

310 1218 515 1255 omnem
535 1212 821 1272 aperturam
843 1205 1044 1267 vulvae,
1066 1213 1125 1257 ut
1143 1206 1353 1257 eosdem
1373 1210 1654 1257 vastaret.“
1715 1206 1834 1259 103.
1863 1204 2188 1257 Confirman-

310 1285 397 1332 tur
422 1279 547 1332 haec
575 1289 833 1347 praeterea
860 1282 988 1350 ipsis
1016 1282 1263 1335 historiis.
1338 1283 1504 1335 Simul
1535 1296 1596 1333 ac
1627 1281 1852 1348 populus
1882 1282 1934 1332 in
1973 1280 2190 1333 desertis

309 1357 415 1409 otio
442 1356 708 1411 abundare
734 1360 923 1426 coepit,
962 1360 1108 1411 multi
1139 1366 1190 1410 et
1219 1365 1324 1411 non
1356 1359 1420 1411 de
1452 1358 1600 1428 plebe
1626 1359 1719 1410 viri
1739 1357 1870 1409 hanc
1888 1357 2189 1409 electionem

310 1448 457 1500 aegre
493 1435 628 1487 ferre
666 1436 997 1502 inceperunt,
1046 1444 1098 1489 et
1134 1436 1257 1488 hinc
1291 1437 1615 1488 occasionem
1651 1441 1896 1502 ceperunt
1923 1432 2184 1497 credendi,

308 1512 494 1565 Mosen
524 1511 650 1563 nihil
678 1526 739 1563 ex
766 1512 1005 1565 mandato
1032 1514 1236 1576 divino,
1278 1512 1370 1565 sed
1399 1512 1464 1565 ad
1485 1511 1690 1564 libitum
1711 1512 1883 1563 omnin
1901 1511 2187 1575 instituere,

310 1589 432 1655 quia
462 1588 658 1641 scilicet
674 1604 824 1641 suam
844 1588 1035 1641 tribum
1060 1606 1181 1657 prae
1200 1588 1443 1642 omnibus
1465 1590 1672 1656 elegerit
1693 1589 1844 1641 etius
1864 1586 2192 1655 pontificatus

308 1668 362 1718 in
392 1672 658 1717 aeternum
686 1680 785 1717 suo
814 1666 953 1727 fratri
985 1666 1205 1732 dederit,
1248 1675 1558 1735 quapropter
1585 1669 1758 1734 ipsum
1780 1664 2008 1717 tumultu
2026 1664 2195 1715 conci-

312 1750 417 1796 tato
445 1742 637 1796 adeunt
669 1745 977 1807 clamantes,
1010 1760 1193 1798 omnes
1212 1761 1378 1813 aeque
1397 1752 1604 1798 sanctos
1623 1759 1767 1808 esse,
1797 1745 2076 1812 ipsumque
2096 1756 2192 1794 su-

310 1835 402 1888 pra
430 1835 611 1872 omnes
638 1828 811 1873 contra
841 1821 926 1872 ius
956 1822 1123 1874 extolli
1144 1825 1212 1887 ¹).
1289 1825 1407 1877 104.
1444 1824 1550 1875 Nec
1568 1837 1656 1874 eos
1677 1822 1780 1873 ulla
1800 1823 1998 1873 ratione
2016 1819 2195 1872 sedare

312 1899 501 1966 potuit,
524 1896 615 1948 sed
636 1895 869 1950 adhibito
886 1899 939 1949 in
960 1900 1163 1965 signum
1187 1899 1305 1951 fidei
1329 1899 1574 1951 miraculo
1595 1913 1774 1950 omnes
1795 1898 2025 1950 exstincti
2044 1903 2192 1958 sunt3

312 1975 453 2027 unde
479 1988 609 2027 nova
638 1982 688 2025 et
716 1973 1021 2027 universalis
1050 1975 1228 2044 populi
1258 1978 1413 2028 totius
1443 1974 1628 2027 seditio
1657 1983 1766 2026 orta
1794 1980 1900 2037 est,
1938 1974 2196 2025 credentis

314 2043 537 2115 scilicet,
568 2064 658 2102 eos
686 2065 789 2103 non
810 2052 1135 2114 Deoiudice,
1167 2053 1259 2105 sed
1289 2061 1396 2105 arte
1415 2053 1580 2106 Mosis
1610 2054 1888 2104 exstinctos
1917 2063 2060 2110 esse,
2101 2050 2193 2115 qui

314 2128 524 2180 tandem
551 2135 667 2196 post
692 2142 932 2194 magnam
962 2129 1159 2183 cladem
1189 2130 1266 2183 vel
1289 2130 1635 2198 pestilentiam
1658 2128 1831 2180 sessus
1851 2127 2074 2190 sedavit,
2117 2131 2198 2178 ast

316 2206 386 2257 ita
412 2211 470 2256 ut
495 2218 679 2256 omnes
708 2206 837 2256 mori
865 2205 1105 2273 mallent,
1146 2222 1306 2274 quam
1332 2209 1518 2260 vivere.
1590 2205 1763 2268 Quare
1801 2213 1922 2257 tunc
1949 2204 2197 2270 temporis

316 2282 505 2334 seditio
525 2283 691 2348 magis
708 2281 958 2346 desierat,
988 2297 1144 2350 quam
1164 2284 1436 2337 concordia
1465 2290 1722 2352 coeperat.
1796 2283 1915 2336 105.
1955 2280 2107 2344 Quod
2129 2281 2198 2332 lta

316 2359 579 2426 Scriptura
609 2365 824 2410 testatur
841 2359 996 2412 Deut.
1021 2375 1137 2427 cap.
1158 2362 1246 2414 31.
1276 2377 1408 2414 vere.
1429 2362 1517 2418 21.
1533 2400 1548 2422 ‚
1584 2360 1676 2412 ubl
1694 2363 1836 2412 Deus
1855 2360 2020 2420 Mosi,
2051 2366 2199 2426 post·—

321 2451 475 2501 qucm
504 2437 551 2488 ei
582 2436 829 2502 praedixit
855 2436 1103 2504 populum
1132 2446 1251 2506 post
1278 2441 1394 2492 eius
1432 2445 1650 2491 mortem
1677 2452 1708 2489 a
1736 2436 1908 2489 divino
1934 2435 2078 2486 cultu
2105 2436 2199 2488 de-

321 2513 605 2572 fecturum,
642 2511 769 2566 haec
804 2514 904 2566 ait:
942 2513 1087 2567 Novi
1116 2519 1255 2568 enim
1292 2518 1459 2584 ipsius
1493 2518 1786 2583 appetitum
1811 2519 1868 2565 et
1891 2513 2024 2580 quid
2045 2513 2198 2563 hodie

319 2591 679 2654 machinatur,
719 2591 843 2643 dum
867 2591 1096 2642 nondum
1123 2593 1340 2644 eundem
1367 2594 1571 2644 duxero
1591 2594 1663 2644 ad
1679 2598 1876 2644 terram
1889 2629 1904 2652 ,
1943 2605 2101 2656 quam
2119 2592 2202 2639 iu-

319 2669 463 2718 ravi.
534 2667 599 2717 Et
625 2667 773 2733 paulo
800 2675 918 2736 post
937 2670 1111 2722 Moses
1133 2670 1232 2736 ipsi
1253 2670 1444 2738 populo
1460 2671 1542 2742 ὓς
1585 2670 1724 2722 Nam
1753 2685 1853 2736 ego
1879 2668 2004 2717 novi
2027 2665 2200 2716 rebel-

321 2746 517 2796 lionem
536 2748 682 2794 tuam
698 2750 752 2795 et
766 2749 1150 2797 contumaciam
1171 2751 1336 2797 tuam.
1409 2748 1488 2810 Si,
1519 2749 1642 2798 dum
1662 2764 1762 2813 ego
1781 2745 2046 2796 vobiscum
2061 2744 2198 2805 vixi,

320 2821 541 2876 rebelles
560 2822 759 2888 fuistis
796 2827 981 2873 contra
1015 2824 1217 2888 Deum‚·
1250 2825 1418 2876 multo
1453 2827 1630 2890 magis
1658 2827 1810 2874 eritis
1831 2824 1954 2886 post
1979 2822 2200 2870 mortem

320 2902 525 2950 meam!
595 2901 711 2953 106.
760 2901 826 2950 Et
873 2914 1041 2953 revera
1090 2902 1168 2953 sic
1204 2902 1354 2953 etiam
1390 2901 1630 2967 contigit,
1678 2907 1736 2951 ut
1771 2905 1972 2950 notum.
2052 2895 2200 2947 Unde

431 3089 471 3138 ι)
497 3086 598 3131 Vid.
620 3086 760 3131 Num.
782 3099 885 3143 cap.
909 3087 973 3132 ts.

429 3150 473 3199 2)
501 3148 690 3193 Denter.
708 3149 777 3205 31,
797 3149 863 3190 27.

399 3217 623 3288 Spinoza
658 3221 752 3270 111.
1713 3216 1776 3268 16

2537 542 2539 604 -,
2535 522 2538 529 .
2525 270 2538 511 -Α--.-..-.-.-
2509 0 2533 259 -....-.--“-1
