<?xml version="1.0" encoding="UTF-8"?>
<!DOCTYPE html PUBLIC "-//W3C//DTD XHTML 1.0 Transitional//EN"
    "http://www.w3.org/TR/xhtml1/DTD/xhtml1-transitional.dtd">
<html xmlns="http://www.w3.org/1999/xhtml" xml:lang="en" lang="en">
 <head>
  <title>
</title>
<meta http-equiv="Content-Type" content="text/html;charset=utf-8" />
  <meta name='ocr-system' content='tesseract 3.04.00' />
  <meta name='ocr-capabilities' content='ocr_page ocr_carea ocr_par ocr_line ocrx_word'/>
</head>
<body>
  <div class='ocr_page' id='page_1' title='image "benedictidespin05brudgoog_0142.png"; bbox 0 0 2548 3485; ppageno 0'>
   <div class='ocr_carea' id='block_1_1' title="bbox 379 187 1855 248">
    <p class='ocr_par' dir='ltr' id='par_1_1' title="bbox 379 187 1855 248">
     <span class='ocr_line' id='line_1_1' title="bbox 379 187 1855 248; baseline -0.003 -7"><span class='ocrx_word' id='word_1_1' title='bbox 379 187 497 248; x_wconf 80' lang='lat'><strong>118</strong></span> <span class='ocrx_word' id='word_1_2' title='bbox 773 191 1164 239; x_wconf 69' lang='lat' dir='ltr'><strong>&#39;rnac‘ra‘rns</strong></span> <span class='ocrx_word' id='word_1_3' title='bbox 1200 189 1855 238; x_wconf 68' lang='lat' dir='ltr'><strong>Tnsommco-Pomr.</strong></span> 
     </span>
    </p>
   </div>
   <div class='ocr_carea' id='block_1_2' title="bbox 364 367 2247 2434">
    <p class='ocr_par' dir='ltr' id='par_1_2' title="bbox 371 367 2247 578">
     <span class='ocr_line' id='line_1_2' title="bbox 371 367 2244 433; baseline 0 -14"><span class='ocrx_word' id='word_1_4' title='bbox 371 370 427 420; x_wconf 90' lang='lat' dir='ltr'><strong>in</strong></span> <span class='ocrx_word' id='word_1_5' title='bbox 464 367 749 422; x_wconf 83' lang='lat' dir='ltr'><strong>Hebraeam</strong></span> <span class='ocrx_word' id='word_1_6' title='bbox 789 372 1089 425; x_wconf 85' lang='lat' dir='ltr'><strong>translatum</strong></span> <span class='ocrx_word' id='word_1_7' title='bbox 1126 370 1290 423; x_wconf 78' lang='lat' dir='ltr'><strong>fuisse</strong></span> <span class='ocrx_word' id='word_1_8' title='bbox 1305 409 1319 433; x_wconf 86' lang='lat'><strong>,</strong></span> <span class='ocrx_word' id='word_1_9' title='bbox 1359 376 1412 422; x_wconf 90' lang='lat' dir='ltr'><strong>et</strong></span> <span class='ocrx_word' id='word_1_10' title='bbox 1445 369 1577 423; x_wconf 85' lang='lat' dir='ltr'><strong>hanc</strong></span> <span class='ocrx_word' id='word_1_11' title='bbox 1613 383 1731 421; x_wconf 88' lang='lat' dir='ltr'><strong>esse</strong></span> <span class='ocrx_word' id='word_1_12' title='bbox 1767 370 1881 420; x_wconf 86' lang='lat' dir='ltr'><strong>eius</strong></span> <span class='ocrx_word' id='word_1_13' title='bbox 1919 367 2244 420; x_wconf 72' lang='lat' dir='ltr'><strong>obscuritatis</strong></span> 
     </span>
     <span class='ocr_line' id='line_1_3' title="bbox 373 445 2247 516; baseline -0.002 -18"><span class='ocrx_word' id='word_1_14' title='bbox 373 460 602 499; x_wconf 83' lang='lat' dir='ltr'><strong>causam.</strong></span> <span class='ocrx_word' id='word_1_15' title='bbox 671 449 749 499; x_wconf 83' lang='lat' dir='ltr'><strong>De</strong></span> <span class='ocrx_word' id='word_1_16' title='bbox 778 448 925 500; x_wconf 89' lang='lat' dir='ltr'><strong>libris</strong></span> <span class='ocrx_word' id='word_1_17' title='bbox 949 448 1252 516; x_wconf 68' lang='lat' dir='ltr'><strong>apocryphis</strong></span> <span class='ocrx_word' id='word_1_18' title='bbox 1291 446 1419 500; x_wconf 87' lang='lat' dir='ltr'><strong>nihil</strong></span> <span class='ocrx_word' id='word_1_19' title='bbox 1455 446 1596 511; x_wconf 87' lang='lat' dir='ltr'><strong>dico,</strong></span> <span class='ocrx_word' id='word_1_20' title='bbox 1638 445 2058 514; x_wconf 85' lang='lat' dir='ltr'><strong>quandoquidem</strong></span> <span class='ocrx_word' id='word_1_21' title='bbox 2097 446 2247 512; x_wconf 85' lang='lat' dir='ltr'><strong>longe</strong></span> 
     </span>
     <span class='ocr_line' id='line_1_4' title="bbox 373 523 1138 578; baseline 0.004 -4"><span class='ocrx_word' id='word_1_22' title='bbox 373 523 642 575; x_wconf 87' lang='lat' dir='ltr'><strong>dissimilis</strong></span> <span class='ocrx_word' id='word_1_23' title='bbox 661 533 785 576; x_wconf 89' lang='lat' dir='ltr'><strong>sunt</strong></span> <span class='ocrx_word' id='word_1_24' title='bbox 802 525 1138 578; x_wconf 81' lang='lat' dir='ltr'><strong>auctoritatis.</strong></span> 
     </span>
    </p>

    <p class='ocr_par' dir='ltr' id='par_1_3' title="bbox 364 599 2247 2434">
     <span class='ocr_line' id='line_1_5' title="bbox 474 599 2246 667; baseline 0 -15"><span class='ocrx_word' id='word_1_25' title='bbox 474 601 559 652; x_wconf 69' lang='lat'><strong>65.</strong></span> <span class='ocrx_word' id='word_1_26' title='bbox 595 601 767 666; x_wconf 75' lang='lat' dir='ltr'><strong>Atque</strong></span> <span class='ocrx_word' id='word_1_27' title='bbox 796 599 892 653; x_wconf 89' lang='lat' dir='ltr'><strong>hae</strong></span> <span class='ocrx_word' id='word_1_28' title='bbox 920 616 1101 654; x_wconf 88' lang='lat' dir='ltr'><strong>omnes</strong></span> <span class='ocrx_word' id='word_1_29' title='bbox 1119 601 1278 654; x_wconf 87' lang='lat' dir='ltr'><strong>huius</strong></span> <span class='ocrx_word' id='word_1_30' title='bbox 1295 601 1523 654; x_wconf 77' lang='lat' dir='ltr'><strong>methodi</strong></span> <span class='ocrx_word' id='word_1_31' title='bbox 1541 599 1909 667; x_wconf 85' lang='lat' dir='ltr'><strong>interpretandi</strong></span> <span class='ocrx_word' id='word_1_32' title='bbox 1931 599 2246 666; x_wconf 78' lang='lat' dir='ltr'><strong>scripturam</strong></span> 
     </span>
     <span class='ocr_line' id='line_1_6' title="bbox 372 677 2245 746; baseline 0.001 -19"><span class='ocrx_word' id='word_1_33' title='bbox 372 692 430 728; x_wconf 84' lang='lat' dir='ltr'><strong>ex</strong></span> <span class='ocrx_word' id='word_1_34' title='bbox 450 677 638 744; x_wconf 86' lang='lat' dir='ltr'><strong>ipsius,</strong></span> <span class='ocrx_word' id='word_1_35' title='bbox 662 692 818 743; x_wconf 82' lang='lat' dir='ltr'><strong>quam</strong></span> <span class='ocrx_word' id='word_1_36' title='bbox 837 678 1021 731; x_wconf 84' lang='lat' dir='ltr'><strong>habere</strong></span> <span class='ocrx_word' id='word_1_37' title='bbox 1039 693 1342 746; x_wconf 87' lang='lat' dir='ltr'><strong>possumus,</strong></span> <span class='ocrx_word' id='word_1_38' title='bbox 1364 678 1572 731; x_wconf 88' lang='lat' dir='ltr'><strong>historia</strong></span> <span class='ocrx_word' id='word_1_39' title='bbox 1595 677 1918 730; x_wconf 74' lang='lat' dir='ltr'><strong>difficultates</strong></span> <span class='ocrx_word' id='word_1_40' title='bbox 1937 682 2089 737; x_wconf 86' lang='lat' dir='ltr'><strong>sunt,</strong></span> <span class='ocrx_word' id='word_1_41' title='bbox 2114 691 2245 742; x_wconf 86' lang='lat' dir='ltr'><strong>quas</strong></span> 
     </span>
     <span class='ocr_line' id='line_1_7' title="bbox 372 753 2247 823; baseline -0.002 -17"><span class='ocrx_word' id='word_1_42' title='bbox 372 768 615 806; x_wconf 88' lang='lat' dir='ltr'><strong>enarrare·</strong></span> <span class='ocrx_word' id='word_1_43' title='bbox 626 768 954 821; x_wconf 88' lang='lat' dir='ltr'><strong>susceperam</strong></span> <span class='ocrx_word' id='word_1_44' title='bbox 971 795 986 818; x_wconf 99' lang='lat'><strong>,</strong></span> <span class='ocrx_word' id='word_1_45' title='bbox 1010 770 1243 823; x_wconf 86' lang='lat' dir='ltr'><strong>quasque</strong></span> <span class='ocrx_word' id='word_1_46' title='bbox 1262 771 1357 822; x_wconf 88' lang='lat' dir='ltr'><strong>ego</strong></span> <span class='ocrx_word' id='word_1_47' title='bbox 1377 755 1504 807; x_wconf 90' lang='lat' dir='ltr'><strong>adeo</strong></span> <span class='ocrx_word' id='word_1_48' title='bbox 1525 769 1735 821; x_wconf 85' lang='lat' dir='ltr'><strong>magnas</strong></span> <span class='ocrx_word' id='word_1_49' title='bbox 1755 755 2010 816; x_wconf 84' lang='lat' dir='ltr'><strong>existimo,</strong></span> <span class='ocrx_word' id='word_1_50' title='bbox 2033 760 2091 804; x_wconf 90' lang='lat' dir='ltr'><strong>ut</strong></span> <span class='ocrx_word' id='word_1_51' title='bbox 2108 753 2247 803; x_wconf 86' lang='lat' dir='ltr'><strong>affir-</strong></span> 
     </span>
     <span class='ocr_line' id='line_1_8' title="bbox 371 829 2246 899; baseline 0.001 -18"><span class='ocrx_word' id='word_1_52' title='bbox 371 845 511 882; x_wconf 89' lang='lat' dir='ltr'><strong>mare</strong></span> <span class='ocrx_word' id='word_1_53' title='bbox 531 845 633 881; x_wconf 92' lang='lat' dir='ltr'><strong>non</strong></span> <span class='ocrx_word' id='word_1_54' title='bbox 654 829 908 895; x_wconf 82' lang='lat' dir='ltr'><strong>dubitem,</strong></span> <span class='ocrx_word' id='word_1_55' title='bbox 930 847 1027 885; x_wconf 89' lang='lat' dir='ltr'><strong>nos</strong></span> <span class='ocrx_word' id='word_1_56' title='bbox 1045 847 1221 886; x_wconf 84' lang='lat' dir='ltr'><strong>verum</strong></span> <span class='ocrx_word' id='word_1_57' title='bbox 1244 834 1539 899; x_wconf 74' lang='lat' dir='ltr'>scripturae</span> <span class='ocrx_word' id='word_1_58' title='bbox 1557 845 1771 884; x_wconf 87' lang='lat' dir='ltr'><strong>sensum</strong></span> <span class='ocrx_word' id='word_1_59' title='bbox 1791 830 2026 897; x_wconf 86' lang='lat' dir='ltr'><strong>plurimis</strong></span> <span class='ocrx_word' id='word_1_60' title='bbox 2045 833 2098 880; x_wconf 93' lang='lat' dir='ltr'><strong>in</strong></span> <span class='ocrx_word' id='word_1_61' title='bbox 2119 830 2246 882; x_wconf 87' lang='lat' dir='ltr'><strong>locis</strong></span> 
     </span>
     <span class='ocr_line' id='line_1_9' title="bbox 371 903 2244 972; baseline -0.001 -14"><span class='ocrx_word' id='word_1_62' title='bbox 371 907 449 959; x_wconf 85' lang='lat' dir='ltr'><strong>vel</strong></span> <span class='ocrx_word' id='word_1_63' title='bbox 468 909 703 972; x_wconf 84' lang='lat' dir='ltr'><strong>ignorare</strong></span> <span class='ocrx_word' id='word_1_64' title='bbox 716 947 731 970; x_wconf 94' lang='lat'><strong>,</strong></span> <span class='ocrx_word' id='word_1_65' title='bbox 752 903 828 961; x_wconf 79' lang='lat' dir='ltr'><strong>vel</strong></span> <span class='ocrx_word' id='word_1_66' title='bbox 848 909 963 961; x_wconf 88' lang='lat' dir='ltr'><strong>sine</strong></span> <span class='ocrx_word' id='word_1_67' title='bbox 982 910 1286 962; x_wconf 72' lang='lat' dir='ltr'><strong>certitudine</strong></span> <span class='ocrx_word' id='word_1_68' title='bbox 1305 910 1560 962; x_wconf 88' lang='lat' dir='ltr'><strong>hariolari.</strong></span> <span class='ocrx_word' id='word_1_69' title='bbox 1636 909 1720 961; x_wconf 86' lang='grc'><strong>66.</strong></span> <span class='ocrx_word' id='word_1_70' title='bbox 1763 909 1952 960; x_wconf 75' lang='lat' dir='ltr'><strong>Verum</strong></span> <span class='ocrx_word' id='word_1_71' title='bbox 1971 909 2110 960; x_wconf 87' lang='lat' dir='ltr'><strong>enim</strong></span> <span class='ocrx_word' id='word_1_72' title='bbox 2129 921 2244 958; x_wconf 86' lang='lat' dir='ltr'><strong>vero</strong></span> 
     </span>
     <span class='ocr_line' id='line_1_10' title="bbox 370 979 2246 1053; baseline 0 -19"><span class='ocrx_word' id='word_1_73' title='bbox 370 983 467 1034; x_wconf 88' lang='lat' dir='ltr'><strong>hoc</strong></span> <span class='ocrx_word' id='word_1_74' title='bbox 503 979 687 1037; x_wconf 82' lang='lat' dir='ltr'><strong>iterum</strong></span> <span class='ocrx_word' id='word_1_75' title='bbox 718 992 891 1037; x_wconf 85' lang='lat' dir='ltr'><strong>contra</strong></span> <span class='ocrx_word' id='word_1_76' title='bbox 930 987 1217 1038; x_wconf 84' lang='lat' dir='ltr'><strong>notandum</strong></span> <span class='ocrx_word' id='word_1_77' title='bbox 1239 987 1422 1048; x_wconf 84' lang='lat' dir='ltr'><strong>&#39;venit,</strong></span> <span class='ocrx_word' id='word_1_78' title='bbox 1463 987 1556 1053; x_wconf 71' lang='lat' dir='ltr'><strong>has</strong></span> <span class='ocrx_word' id='word_1_79' title='bbox 1584 999 1766 1036; x_wconf 84' lang='lat' dir='ltr'><strong>omnes</strong></span> <span class='ocrx_word' id='word_1_80' title='bbox 1793 984 2115 1036; x_wconf 84' lang='lat' dir='ltr'><strong>difficultates</strong></span> <span class='ocrx_word' id='word_1_81' title='bbox 2143 985 2246 1034; x_wconf 91' lang='lat' dir='ltr'><strong>im-</strong></span> 
     </span>
     <span class='ocr_line' id='line_1_11' title="bbox 369 1060 2246 1129; baseline 0 -19"><span class='ocrx_word' id='word_1_82' title='bbox 369 1060 545 1125; x_wconf 84' lang='lat' dir='ltr'><strong>pedire</strong></span> <span class='ocrx_word' id='word_1_83' title='bbox 563 1067 762 1113; x_wconf 86' lang='lat' dir='ltr'><strong>tantum</strong></span> <span class='ocrx_word' id='word_1_84' title='bbox 782 1075 953 1128; x_wconf 86' lang='lat' dir='ltr'><strong>posse,</strong></span> <span class='ocrx_word' id='word_1_85' title='bbox 978 1064 1257 1129; x_wconf 81' lang='lat' dir='ltr'><strong>quominus</strong></span> <span class='ocrx_word' id='word_1_86' title='bbox 1277 1069 1502 1114; x_wconf 80' lang='lat' dir='ltr'><strong>mentem</strong></span> <span class='ocrx_word' id='word_1_87' title='bbox 1522 1063 1887 1129; x_wconf 86' lang='lat' dir='ltr'><strong>prophetarum</strong></span> <span class='ocrx_word' id='word_1_88' title='bbox 1909 1075 2246 1127; x_wconf 74' lang='lat' dir='ltr'><strong>assequamur</strong></span> 
     </span>
     <span class='ocr_line' id='line_1_12' title="bbox 370 1138 2242 1207; baseline 0 -19"><span class='ocrx_word' id='word_1_89' title='bbox 370 1138 501 1188; x_wconf 87' lang='lat' dir='ltr'><strong>circa</strong></span> <span class='ocrx_word' id='word_1_90' title='bbox 528 1152 611 1190; x_wconf 88' lang='lat' dir='ltr'><strong>res</strong></span> <span class='ocrx_word' id='word_1_91' title='bbox 639 1139 1071 1207; x_wconf 78' lang='lat' dir='ltr'><strong>imperceptibiles</strong></span> <span class='ocrx_word' id='word_1_92' title='bbox 1098 1147 1148 1192; x_wconf 88' lang='lat' dir='ltr'><strong>et</strong></span> <span class='ocrx_word' id='word_1_93' title='bbox 1177 1155 1309 1206; x_wconf 85' lang='lat' dir='ltr'><strong>quas</strong></span> <span class='ocrx_word' id='word_1_94' title='bbox 1337 1147 1536 1191; x_wconf 87' lang='lat' dir='ltr'><strong>tantum</strong></span> <span class='ocrx_word' id='word_1_95' title='bbox 1569 1139 1861 1204; x_wconf 78' lang='lat' dir='ltr'><strong>imaginari,</strong></span> <span class='ocrx_word' id='word_1_96' title='bbox 1898 1144 1951 1189; x_wconf 82' lang='lat' dir='ltr'><strong>at</strong></span> <span class='ocrx_word' id='word_1_97' title='bbox 1983 1152 2084 1188; x_wconf 91' lang='lat' dir='ltr'><strong>non</strong></span> <span class='ocrx_word' id='word_1_98' title='bbox 2106 1138 2242 1188; x_wconf 77' lang='lat' dir='ltr'><strong>eirca</strong></span> 
     </span>
     <span class='ocr_line' id='line_1_13' title="bbox 368 1213 2244 1283; baseline 0 -19"><span class='ocrx_word' id='word_1_99' title='bbox 368 1225 453 1265; x_wconf 83' lang='lat' dir='ltr'><strong>res</strong></span> <span class='ocrx_word' id='word_1_100' title='bbox 468 1253 483 1276; x_wconf 98' lang='lat'><strong>,</strong></span> <span class='ocrx_word' id='word_1_101' title='bbox 523 1227 654 1280; x_wconf 83' lang='lat' dir='ltr'><strong>quas</strong></span> <span class='ocrx_word' id='word_1_102' title='bbox 680 1222 733 1268; x_wconf 90' lang='lat' dir='ltr'><strong>et</strong></span> <span class='ocrx_word' id='word_1_103' title='bbox 756 1215 1015 1269; x_wconf 89' lang='lat' dir='ltr'><strong>intellectu</strong></span> <span class='ocrx_word' id='word_1_104' title='bbox 1044 1218 1253 1282; x_wconf 86' lang='lat' dir='ltr'><strong>assequi</strong></span> <span class='ocrx_word' id='word_1_105' title='bbox 1277 1224 1327 1267; x_wconf 89' lang='lat' dir='ltr'><strong>et</strong></span> <span class='ocrx_word' id='word_1_106' title='bbox 1345 1230 1564 1283; x_wconf 83' lang='lat' dir='ltr'><strong>quarum</strong></span> <span class='ocrx_word' id='word_1_107' title='bbox 1584 1217 1776 1268; x_wconf 83' lang='lat' dir='ltr'><strong>ciarum</strong></span> <span class='ocrx_word' id='word_1_108' title='bbox 1795 1228 2079 1282; x_wconf 86' lang='lat' dir='ltr'><strong>possumus</strong></span> <span class='ocrx_word' id='word_1_109' title='bbox 2099 1213 2244 1265; x_wconf 82' lang='lat' dir='ltr'><strong>facile</strong></span> 
     </span>
     <span class='ocr_line' id='line_1_14' title="bbox 368 1290 2243 1360; baseline 0 -18"><span class='ocrx_word' id='word_1_110' title='bbox 368 1290 588 1343; x_wconf 82' lang='lat' dir='ltr'><strong>formare</strong></span> <span class='ocrx_word' id='word_1_111' title='bbox 625 1301 953 1360; x_wconf 84' lang='lat' dir='ltr'><strong>conceptum.</strong></span> <span class='ocrx_word' id='word_1_112' title='bbox 1024 1295 1129 1345; x_wconf 83' lang='lat' dir='ltr'><strong>Res</strong></span> <span class='ocrx_word' id='word_1_113' title='bbox 1166 1295 1304 1358; x_wconf 84' lang='lat' dir='ltr'><strong>enim</strong></span> <span class='ocrx_word' id='word_1_114' title='bbox 1319 1333 1332 1354; x_wconf 93' lang='lat'><strong>,</strong></span> <span class='ocrx_word' id='word_1_115' title='bbox 1373 1307 1506 1359; x_wconf 85' lang='lat' dir='ltr'><strong>quae</strong></span> <span class='ocrx_word' id='word_1_116' title='bbox 1545 1307 1641 1344; x_wconf 89' lang='lat' dir='ltr'><strong>sua</strong></span> <span class='ocrx_word' id='word_1_117' title='bbox 1678 1299 1855 1343; x_wconf 86' lang='lat' dir='ltr'><strong>natura</strong></span> <span class='ocrx_word' id='word_1_118' title='bbox 1892 1291 2039 1343; x_wconf 76' lang='lat' dir='ltr'><strong>facile</strong></span> <span class='ocrx_word' id='word_1_119' title='bbox 2074 1293 2243 1357; x_wconf 87' lang='lat' dir='ltr'><strong>perci-</strong></span> 
     </span>
     <span class='ocr_line' id='line_1_15' title="bbox 368 1367 2243 1438; baseline 0 -20"><span class='ocrx_word' id='word_1_120' title='bbox 368 1368 582 1433; x_wconf 90' lang='lat' dir='ltr'><strong>piuntur</strong></span> <span class='ocrx_word' id='word_1_121' title='bbox 594 1369 649 1438; x_wconf 71' lang='lat'><strong>⁴³)</strong></span> <span class='ocrx_word' id='word_1_122' title='bbox 666 1409 680 1433; x_wconf 99' lang='lat'><strong>,</strong></span> <span class='ocrx_word' id='word_1_123' title='bbox 718 1384 986 1435; x_wconf 89' lang='lat' dir='ltr'><strong>nunquam</strong></span> <span class='ocrx_word' id='word_1_124' title='bbox 1009 1378 1113 1422; x_wconf 79' lang='lat' dir='ltr'><strong>tam</strong></span> <span class='ocrx_word' id='word_1_125' title='bbox 1134 1369 1354 1423; x_wconf 80' lang='lat' dir='ltr'><strong>obscure</strong></span> <span class='ocrx_word' id='word_1_126' title='bbox 1373 1371 1475 1422; x_wconf 87' lang='lat' dir='ltr'><strong>dici</strong></span> <span class='ocrx_word' id='word_1_127' title='bbox 1497 1376 1744 1437; x_wconf 81' lang='lat' dir='ltr'><strong>possunt,</strong></span> <span class='ocrx_word' id='word_1_128' title='bbox 1786 1369 1912 1434; x_wconf 88' lang='lat' dir='ltr'><strong>quin</strong></span> <span class='ocrx_word' id='word_1_129' title='bbox 1933 1368 2078 1420; x_wconf 72' lang='lat' dir='ltr'><strong>facile</strong></span> <span class='ocrx_word' id='word_1_130' title='bbox 2097 1367 2243 1419; x_wconf 89' lang='lat' dir='ltr'><strong>intel-</strong></span> 
     </span>
     <span class='ocr_line' id='line_1_16' title="bbox 369 1443 2240 1514; baseline -0.002 -18"><span class='ocrx_word' id='word_1_131' title='bbox 369 1443 593 1510; x_wconf 84' lang='lat' dir='ltr'><strong>ligantur</strong></span> <span class='ocrx_word' id='word_1_132' title='bbox 613 1484 625 1508; x_wconf 92' lang='lat'><strong>,</strong></span> <span class='ocrx_word' id='word_1_133' title='bbox 682 1448 817 1499; x_wconf 81' lang='lat' dir='ltr'><strong>iuxta</strong></span> <span class='ocrx_word' id='word_1_134' title='bbox 853 1447 982 1499; x_wconf 89' lang='lat' dir='ltr'><strong>illud</strong></span> <span class='ocrx_word' id='word_1_135' title='bbox 1022 1446 1346 1514; x_wconf 83' lang='lat' dir='ltr'><strong>proverbium</strong></span> <span class='ocrx_word' id='word_1_136' title='bbox 1377 1466 1388 1496; x_wconf 74' lang='grc' dir='ltr'><strong>ε</strong></span> <span class='ocrx_word' id='word_1_137' title='bbox 1445 1446 1746 1510; x_wconf 80' lang='lat' dir='ltr'><strong>intelligenti</strong></span> <span class='ocrx_word' id='word_1_138' title='bbox 1794 1445 1990 1496; x_wconf 88' lang='lat' dir='ltr'><strong>dictum</strong></span> <span class='ocrx_word' id='word_1_139' title='bbox 2024 1451 2104 1497; x_wconf 82' lang='lat' dir='ltr'><strong>sat</strong></span> <span class='ocrx_word' id='word_1_140' title='bbox 2145 1452 2240 1497; x_wconf 87' lang='lat' dir='ltr'><strong>est.</strong></span> 
     </span>
     <span class='ocr_line' id='line_1_17' title="bbox 368 1520 2241 1590; baseline -0.001 -17"><span class='ocrx_word' id='word_1_141' title='bbox 368 1521 453 1574; x_wconf 87' lang='grc'><strong>67.</strong></span> <span class='ocrx_word' id='word_1_142' title='bbox 490 1521 734 1575; x_wconf 54' lang='lat' dir='ltr'><strong>Euclides</strong></span> <span class='ocrx_word' id='word_1_143' title='bbox 750 1562 765 1586; x_wconf 86' lang='lat'><strong>,</strong></span> <span class='ocrx_word' id='word_1_144' title='bbox 807 1525 1022 1590; x_wconf 85' lang='lat' dir='ltr'><strong>quinon</strong></span> <span class='ocrx_word' id='word_1_145' title='bbox 1043 1524 1145 1576; x_wconf 87' lang='lat' dir='ltr'><strong>nisi</strong></span> <span class='ocrx_word' id='word_1_146' title='bbox 1169 1539 1249 1575; x_wconf 88' lang='lat' dir='ltr'><strong>res</strong></span> <span class='ocrx_word' id='word_1_147' title='bbox 1267 1520 1548 1575; x_wconf 75' lang='lat' dir='ltr'><strong>admodum</strong></span> <span class='ocrx_word' id='word_1_148' title='bbox 1569 1522 1830 1590; x_wconf 82' lang='lat' dir='ltr'><strong>simplices</strong></span> <span class='ocrx_word' id='word_1_149' title='bbox 1849 1529 1901 1573; x_wconf 87' lang='lat' dir='ltr'><strong>et</strong></span> <span class='ocrx_word' id='word_1_150' title='bbox 1919 1522 2136 1573; x_wconf 79' lang='lat' dir='ltr'><strong>maxime</strong></span> <span class='ocrx_word' id='word_1_151' title='bbox 2156 1522 2241 1571; x_wconf 90' lang='lat' dir='ltr'><strong>in-</strong></span> 
     </span>
     <span class='ocr_line' id='line_1_18' title="bbox 368 1597 2240 1668; baseline 0 -20"><span class='ocrx_word' id='word_1_152' title='bbox 368 1597 667 1665; x_wconf 77' lang='lat' dir='ltr'><strong>telligibiles</strong></span> <span class='ocrx_word' id='word_1_153' title='bbox 686 1601 923 1668; x_wconf 82' lang='lat' dir='ltr'><strong>scripsit,</strong></span> <span class='ocrx_word' id='word_1_154' title='bbox 965 1600 1108 1652; x_wconf 82' lang='lat' dir='ltr'><strong>i&#39;acile</strong></span> <span class='ocrx_word' id='word_1_155' title='bbox 1129 1600 1195 1652; x_wconf 86' lang='lat' dir='ltr'><strong>ab</strong></span> <span class='ocrx_word' id='word_1_156' title='bbox 1215 1613 1532 1666; x_wconf 86' lang='lat' dir='ltr'><strong>unoquoque</strong></span> <span class='ocrx_word' id='word_1_157' title='bbox 1549 1600 1602 1650; x_wconf 91' lang='lat' dir='ltr'><strong>in</strong></span> <span class='ocrx_word' id='word_1_158' title='bbox 1622 1600 1805 1668; x_wconf 84' lang='lat' dir='ltr'><strong>quavis</strong></span> <span class='ocrx_word' id='word_1_159' title='bbox 1825 1599 1999 1666; x_wconf 84' lang='lat' dir='ltr'><strong>lingua</strong></span> <span class='ocrx_word' id='word_1_160' title='bbox 2019 1599 2240 1667; x_wconf 79' lang='lat' dir='ltr'><strong>explica-</strong></span> 
     </span>
     <span class='ocr_line' id='line_1_19' title="bbox 368 1675 2241 1744; baseline 0 -20"><span class='ocrx_word' id='word_1_161' title='bbox 368 1681 476 1735; x_wconf 89' lang='lat' dir='ltr'><strong>tur;</strong></span> <span class='ocrx_word' id='word_1_162' title='bbox 517 1689 621 1726; x_wconf 90' lang='lat' dir='ltr'><strong>non</strong></span> <span class='ocrx_word' id='word_1_163' title='bbox 650 1677 785 1728; x_wconf 91' lang='lat' dir='ltr'><strong>enim</strong></span> <span class='ocrx_word' id='word_1_164' title='bbox 817 1684 877 1731; x_wconf 88' lang='lat' dir='ltr'><strong>ut</strong></span> <span class='ocrx_word' id='word_1_165' title='bbox 904 1677 1016 1729; x_wconf 87' lang='lat' dir='ltr'><strong>eius</strong></span> <span class='ocrx_word' id='word_1_166' title='bbox 1045 1685 1269 1730; x_wconf 88' lang='lat' dir='ltr'><strong>mentem</strong></span> <span class='ocrx_word' id='word_1_167' title='bbox 1297 1691 1636 1744; x_wconf 88' lang='lat' dir='ltr'><strong>assequamur</strong></span> <span class='ocrx_word' id='word_1_168' title='bbox 1663 1682 1712 1726; x_wconf 92' lang='lat' dir='ltr'><strong>et</strong></span> <span class='ocrx_word' id='word_1_169' title='bbox 1731 1675 1794 1726; x_wconf 89' lang='lat' dir='ltr'><strong>de</strong></span> <span class='ocrx_word' id='word_1_170' title='bbox 1812 1689 1930 1727; x_wconf 86' lang='lat' dir='ltr'><strong>vero</strong></span> <span class='ocrx_word' id='word_1_171' title='bbox 1950 1675 2062 1738; x_wconf 87' lang='lat' dir='ltr'><strong>eius</strong></span> <span class='ocrx_word' id='word_1_172' title='bbox 2081 1688 2241 1726; x_wconf 87' lang='lat' dir='ltr'><strong>sensu</strong></span> 
     </span>
     <span class='ocr_line' id='line_1_20' title="bbox 368 1752 2240 1821; baseline 0.001 -20"><span class='ocrx_word' id='word_1_173' title='bbox 368 1752 489 1801; x_wconf 89' lang='lat' dir='ltr'><strong>certi</strong></span> <span class='ocrx_word' id='word_1_174' title='bbox 511 1753 705 1813; x_wconf 81' lang='lat' dir='ltr'><strong>simus,</strong></span> <span class='ocrx_word' id='word_1_175' title='bbox 743 1767 883 1819; x_wconf 89' lang='lat' dir='ltr'><strong>opus</strong></span> <span class='ocrx_word' id='word_1_176' title='bbox 900 1760 978 1805; x_wconf 89' lang='lat' dir='ltr'><strong>est</strong></span> <span class='ocrx_word' id='word_1_177' title='bbox 996 1755 1243 1821; x_wconf 86' lang='lat' dir='ltr'><strong>integram</strong></span> <span class='ocrx_word' id='word_1_178' title='bbox 1266 1755 1496 1821; x_wconf 87' lang='lat' dir='ltr'><strong>linguae,</strong></span> <span class='ocrx_word' id='word_1_179' title='bbox 1521 1768 1622 1819; x_wconf 86' lang='lat' dir='ltr'><strong>qua</strong></span> <span class='ocrx_word' id='word_1_180' title='bbox 1642 1754 1876 1819; x_wconf 80' lang='lat' dir='ltr'><strong>scripsit,</strong></span> <span class='ocrx_word' id='word_1_181' title='bbox 1901 1754 2240 1819; x_wconf 78' lang='lat' dir='ltr'><strong>cognitionem</strong></span> 
     </span>
     <span class='ocr_line' id='line_1_21' title="bbox 365 1826 2240 1897; baseline 0.002 -20"><span class='ocrx_word' id='word_1_182' title='bbox 365 1826 582 1889; x_wconf 87' lang='lat' dir='ltr'><strong>hahere,</strong></span> <span class='ocrx_word' id='word_1_183' title='bbox 622 1828 714 1881; x_wconf 86' lang='lat' dir='ltr'><strong>sed</strong></span> <span class='ocrx_word' id='word_1_184' title='bbox 744 1836 943 1881; x_wconf 88' lang='lat' dir='ltr'><strong>tantum</strong></span> <span class='ocrx_word' id='word_1_185' title='bbox 970 1831 1251 1885; x_wconf 87' lang='lat' dir='ltr'><strong>admodum</strong></span> <span class='ocrx_word' id='word_1_186' title='bbox 1272 1846 1601 1883; x_wconf 89' lang='lat' dir='ltr'><strong>communem</strong></span> <span class='ocrx_word' id='word_1_187' title='bbox 1621 1838 1672 1881; x_wconf 90' lang='lat' dir='ltr'><strong>et</strong></span> <span class='ocrx_word' id='word_1_188' title='bbox 1690 1829 1794 1881; x_wconf 86' lang='lat' dir='ltr'><strong>i&#39;ere</strong></span> <span class='ocrx_word' id='word_1_189' title='bbox 1813 1830 2093 1897; x_wconf 85' lang='lat' dir='ltr'><strong>puerilem,</strong></span> <span class='ocrx_word' id='word_1_190' title='bbox 2135 1842 2240 1880; x_wconf 86' lang='lat' dir='ltr'><strong>non</strong></span> 
     </span>
     <span class='ocr_line' id='line_1_22' title="bbox 365 1904 2242 1973; baseline -0.001 -19"><span class='ocrx_word' id='word_1_191' title='bbox 365 1904 536 1967; x_wconf 85' lang='lat' dir='ltr'><strong>vitam,</strong></span> <span class='ocrx_word' id='word_1_192' title='bbox 552 1906 734 1957; x_wconf 80' lang='lat' dir='ltr'><strong>studia</strong></span> <span class='ocrx_word' id='word_1_193' title='bbox 754 1912 805 1957; x_wconf 86' lang='lat' dir='ltr'><strong>et</strong></span> <span class='ocrx_word' id='word_1_194' title='bbox 822 1921 991 1959; x_wconf 90' lang='lat' dir='ltr'><strong>mores</strong></span> <span class='ocrx_word' id='word_1_195' title='bbox 1010 1909 1233 1960; x_wconf 88' lang='lat' dir='ltr'><strong>auctoris</strong></span> <span class='ocrx_word' id='word_1_196' title='bbox 1252 1910 1398 1971; x_wconf 88' lang='lat' dir='ltr'><strong>scire,</strong></span> <span class='ocrx_word' id='word_1_197' title='bbox 1425 1922 1594 1973; x_wconf 84' lang='lat' dir='ltr'><strong>neque</strong></span> <span class='ocrx_word' id='word_1_198' title='bbox 1614 1920 1715 1972; x_wconf 84' lang='lat' dir='ltr'><strong>qua</strong></span> <span class='ocrx_word' id='word_1_199' title='bbox 1737 1906 1926 1973; x_wconf 81' lang='lat' dir='ltr'><strong>lingua,</strong></span> <span class='ocrx_word' id='word_1_200' title='bbox 1949 1906 2050 1969; x_wconf 89' lang='lat' dir='ltr'><strong>cui,</strong></span> <span class='ocrx_word' id='word_1_201' title='bbox 2073 1918 2242 1969; x_wconf 88' lang='lat' dir='ltr'><strong>neque</strong></span> 
     </span>
     <span class='ocr_line' id='line_1_23' title="bbox 366 1980 2231 2049; baseline -0.001 -18"><span class='ocrx_word' id='word_1_202' title='bbox 366 1980 575 2045; x_wconf 88' lang='lat' dir='ltr'><strong>quando</strong></span> <span class='ocrx_word' id='word_1_203' title='bbox 596 1983 884 2049; x_wconf 86' lang='lat' dir='ltr'><strong>scripserit,</strong></span> <span class='ocrx_word' id='word_1_204' title='bbox 925 1998 1028 2034; x_wconf 90' lang='lat' dir='ltr'><strong>non</strong></span> <span class='ocrx_word' id='word_1_205' title='bbox 1048 1983 1163 2035; x_wconf 85' lang='lat' dir='ltr'><strong>libri</strong></span> <span class='ocrx_word' id='word_1_206' title='bbox 1188 1985 1446 2036; x_wconf 82' lang='lat' dir='ltr'><strong>fortunam</strong></span> <span class='ocrx_word' id='word_1_207' title='bbox 1469 1998 1638 2049; x_wconf 86' lang='lat' dir='ltr'><strong>neque</strong></span> <span class='ocrx_word' id='word_1_208' title='bbox 1657 1984 1821 2034; x_wconf 84' lang='lat' dir='ltr'><strong>varias</strong></span> <span class='ocrx_word' id='word_1_209' title='bbox 1842 1984 1954 2033; x_wconf 88' lang='lat' dir='ltr'><strong>eius</strong></span> <span class='ocrx_word' id='word_1_210' title='bbox 1974 1982 2231 2041; x_wconf 86' lang='lat' dir='ltr'><strong>lectiones,</strong></span> 
     </span>
     <span class='ocr_line' id='line_1_24' title="bbox 367 2056 2235 2127; baseline 0.001 -22"><span class='ocrx_word' id='word_1_211' title='bbox 367 2070 461 2106; x_wconf 87' lang='lat' dir='ltr'><strong>nec</strong></span> <span class='ocrx_word' id='word_1_212' title='bbox 506 2059 767 2123; x_wconf 83' lang='lat' dir='ltr'><strong>quomodo</strong></span> <span class='ocrx_word' id='word_1_213' title='bbox 787 2097 802 2117; x_wconf 81' lang='grc'>,</span> <span class='ocrx_word' id='word_1_214' title='bbox 860 2075 954 2111; x_wconf 89' lang='lat' dir='ltr'><strong>nec</strong></span> <span class='ocrx_word' id='word_1_215' title='bbox 999 2061 1237 2127; x_wconf 87' lang='lat' dir='ltr'><strong>denique.</strong></span> <span class='ocrx_word' id='word_1_216' title='bbox 1271 2075 1494 2127; x_wconf 84' lang='lat' dir='ltr'><strong>quorum</strong></span> <span class='ocrx_word' id='word_1_217' title='bbox 1531 2060 1748 2111; x_wconf 88' lang='lat' dir='ltr'><strong>concilio</strong></span> <span class='ocrx_word' id='word_1_218' title='bbox 1785 2066 2026 2124; x_wconf 86' lang='lat' dir='ltr'><strong>acceptus</strong></span> <span class='ocrx_word' id='word_1_219' title='bbox 2063 2056 2235 2109; x_wconf 73' lang='lat' dir='ltr'><strong>luerit.</strong></span> 
     </span>
     <span class='ocr_line' id='line_1_25' title="bbox 369 2133 2235 2201; baseline -0.001 -16"><span class='ocrx_word' id='word_1_220' title='bbox 369 2133 453 2185; x_wconf 88' lang='grc'><strong>68.</strong></span> <span class='ocrx_word' id='word_1_221' title='bbox 475 2134 541 2183; x_wconf 80' lang='lat' dir='ltr'><strong>Et</strong></span> <span class='ocrx_word' id='word_1_222' title='bbox 561 2135 698 2199; x_wconf 84' lang='lat' dir='ltr'><strong>quod</strong></span> <span class='ocrx_word' id='word_1_223' title='bbox 720 2134 801 2186; x_wconf 89' lang='lat' dir='ltr'><strong>hic</strong></span> <span class='ocrx_word' id='word_1_224' title='bbox 816 2136 880 2187; x_wconf 90' lang='lat' dir='ltr'><strong>de</strong></span> <span class='ocrx_word' id='word_1_225' title='bbox 890 2137 1123 2198; x_wconf 87' lang='lat' dir='ltr'><strong>Euclide,</strong></span> <span class='ocrx_word' id='word_1_226' title='bbox 1143 2137 1194 2188; x_wconf 92' lang='lat' dir='ltr'><strong>id</strong></span> <span class='ocrx_word' id='word_1_227' title='bbox 1212 2137 1276 2189; x_wconf 89' lang='lat' dir='ltr'><strong>de</strong></span> <span class='ocrx_word' id='word_1_228' title='bbox 1295 2138 1558 2197; x_wconf 88' lang='lat' dir='ltr'><strong>omnibus,</strong></span> <span class='ocrx_word' id='word_1_229' title='bbox 1578 2137 1668 2201; x_wconf 89' lang='lat' dir='ltr'><strong>qui</strong></span> <span class='ocrx_word' id='word_1_230' title='bbox 1687 2136 1750 2186; x_wconf 88' lang='lat' dir='ltr'><strong>de</strong></span> <span class='ocrx_word' id='word_1_231' title='bbox 1769 2134 1924 2186; x_wconf 87' lang='lat' dir='ltr'><strong>rebus</strong></span> <span class='ocrx_word' id='word_1_232' title='bbox 1943 2148 2036 2185; x_wconf 85' lang='lat' dir='ltr'><strong>sua</strong></span> <span class='ocrx_word' id='word_1_233' title='bbox 2058 2139 2235 2185; x_wconf 83' lang='lat' dir='ltr'><strong>natura</strong></span> 
     </span>
     <span class='ocr_line' id='line_1_26' title="bbox 365 2208 2237 2280; baseline -0.001 -19"><span class='ocrx_word' id='word_1_234' title='bbox 365 2208 793 2277; x_wconf 84' lang='lat' dir='ltr'><strong>perceptibilibus</strong></span> <span class='ocrx_word' id='word_1_235' title='bbox 830 2213 1178 2280; x_wconf 77' lang='lat' dir='ltr'><strong>scripserunt,</strong></span> <span class='ocrx_word' id='word_1_236' title='bbox 1220 2214 1529 2275; x_wconf 84' lang='lat' dir='ltr'><strong>dicendum3</strong></span> <span class='ocrx_word' id='word_1_237' title='bbox 1587 2214 1819 2278; x_wconf 81' lang='lat' dir='ltr'><strong>adeoque</strong></span> <span class='ocrx_word' id='word_1_238' title='bbox 1857 2208 2237 2273; x_wconf 60' lang='lat' dir='ltr'><strong>concludimus,</strong></span> 
     </span>
     <span class='ocr_line' id='line_1_27' title="bbox 364 2289 2240 2356; baseline 0.001 -19"><span class='ocrx_word' id='word_1_239' title='bbox 364 2300 463 2339; x_wconf 88' lang='lat' dir='ltr'><strong>nos</strong></span> <span class='ocrx_word' id='word_1_240' title='bbox 483 2297 707 2341; x_wconf 87' lang='lat' dir='ltr'><strong>mentem</strong></span> <span class='ocrx_word' id='word_1_241' title='bbox 728 2290 1019 2356; x_wconf 79' lang='lat' dir='ltr'><strong>scripturae</strong></span> <span class='ocrx_word' id='word_1_242' title='bbox 1040 2292 1174 2342; x_wconf 86' lang='lat' dir='ltr'><strong>circa</strong></span> <span class='ocrx_word' id='word_1_243' title='bbox 1196 2290 1504 2343; x_wconf 88' lang='lat' dir='ltr'><strong>documenta</strong></span> <span class='ocrx_word' id='word_1_244' title='bbox 1532 2290 1740 2342; x_wconf 86' lang='lat' dir='ltr'><strong>moralia</strong></span> <span class='ocrx_word' id='word_1_245' title='bbox 1769 2289 2016 2355; x_wconf 79' lang='lat' dir='ltr'><strong>exipsius</strong></span> <span class='ocrx_word' id='word_1_246' title='bbox 2031 2326 2044 2349; x_wconf 96' lang='lat'><strong>,</strong></span> <span class='ocrx_word' id='word_1_247' title='bbox 2082 2300 2240 2353; x_wconf 84' lang='lat' dir='ltr'><strong>quam</strong></span> 
     </span>
     <span class='ocr_line' id='line_1_28' title="bbox 364 2361 2240 2434; baseline 0.001 -20"><span class='ocrx_word' id='word_1_248' title='bbox 364 2361 549 2416; x_wconf 83' lang='lat' dir='ltr'><strong>habere</strong></span> <span class='ocrx_word' id='word_1_249' title='bbox 564 2380 869 2432; x_wconf 87' lang='lat' dir='ltr'><strong>possumus,</strong></span> <span class='ocrx_word' id='word_1_250' title='bbox 884 2366 1095 2419; x_wconf 88' lang='lat' dir='ltr'><strong>historia</strong></span> <span class='ocrx_word' id='word_1_251' title='bbox 1108 2367 1256 2419; x_wconf 81' lang='lat' dir='ltr'><strong>facile</strong></span> <span class='ocrx_word' id='word_1_252' title='bbox 1268 2376 1425 2434; x_wconf 79' lang='lat' dir='ltr'><strong>&#39;posse</strong></span> <span class='ocrx_word' id='word_1_253' title='bbox 1441 2369 1651 2434; x_wconf 86' lang='lat' dir='ltr'><strong>assequi</strong></span> <span class='ocrx_word' id='word_1_254' title='bbox 1666 2366 1793 2419; x_wconf 91' lang='lat' dir='ltr'><strong>etde</strong></span> <span class='ocrx_word' id='word_1_255' title='bbox 1809 2379 1925 2419; x_wconf 80' lang='lat' dir='ltr'><strong>vero</strong></span> <span class='ocrx_word' id='word_1_256' title='bbox 1943 2366 2058 2417; x_wconf 87' lang='lat' dir='ltr'><strong>eius</strong></span> <span class='ocrx_word' id='word_1_257' title='bbox 2078 2378 2240 2416; x_wconf 85' lang='lat' dir='ltr'><strong>sensu</strong></span> 
     </span>
    </p>
   </div>
   <div class='ocr_carea' id='block_1_3' title="bbox 372 2484 703 2497">
    <p class='ocr_par' dir='ltr' id='par_1_4' title="bbox 372 2484 703 2497">
     <span class='ocr_line' id='line_1_29' title="bbox 372 2484 703 2497; baseline 0 988"><span class='ocrx_word' id='word_1_258' title='bbox 372 2484 703 2497; x_wconf 95' lang='lat' dir='ltr'><strong> </strong></span> 
     </span>
    </p>
   </div>
   <div class='ocr_carea' id='block_1_4' title="bbox 363 2542 2241 3204">
    <p class='ocr_par' dir='ltr' id='par_1_5' title="bbox 363 2542 2241 3204">
     <span class='ocr_line' id='line_1_30' title="bbox 466 2542 2241 2613; baseline 0.001 -20"><span class='ocrx_word' id='word_1_259' title='bbox 466 2550 505 2601; x_wconf 74' lang='grc'><strong>*)</strong></span> <span class='ocrx_word' id='word_1_260' title='bbox 542 2548 635 2593; x_wconf 83' lang='lat' dir='ltr'><strong>Per</strong></span> <span class='ocrx_word' id='word_1_261' title='bbox 651 2560 725 2592; x_wconf 75' lang='lat' dir='ltr'><strong>rer</strong></span> <span class='ocrx_word' id='word_1_262' title='bbox 738 2542 1181 2613; x_wconf 52' lang='lat' dir='ltr'><strong>perceptibileuiou</strong></span> <span class='ocrx_word' id='word_1_263' title='bbox 1203 2552 1308 2598; x_wconf 80' lang='lat' dir='ltr'><strong>illas</strong></span> <span class='ocrx_word' id='word_1_264' title='bbox 1329 2558 1510 2598; x_wconf 87' lang='lat' dir='ltr'><strong>tantum</strong></span> <span class='ocrx_word' id='word_1_265' title='bbox 1529 2551 1738 2609; x_wconf 77' lang='lat' dir='ltr'><strong>intelligo</strong></span> <span class='ocrx_word' id='word_1_266' title='bbox 1753 2584 1766 2606; x_wconf 94' lang='lat'><strong>,</strong></span> <span class='ocrx_word' id='word_1_267' title='bbox 1788 2542 1910 2607; x_wconf 83' lang='lat' dir='ltr'><strong>quae</strong></span> <span class='ocrx_word' id='word_1_268' title='bbox 1929 2551 2137 2609; x_wconf 88' lang='lat' dir='ltr'><strong>legitime</strong></span> <span class='ocrx_word' id='word_1_269' title='bbox 2156 2550 2241 2595; x_wconf 87' lang='lat' dir='ltr'><strong>de-</strong></span> 
     </span>
     <span class='ocr_line' id='line_1_31' title="bbox 364 2608 2240 2666; baseline 0 -13"><span class='ocrx_word' id='word_1_270' title='bbox 364 2614 683 2654; x_wconf 84' lang='lat' dir='ltr'><strong>monstrantur</strong></span> <span class='ocrx_word' id='word_1_271' title='bbox 708 2608 861 2663; x_wconf 78' lang='lat' dir='ltr'><strong>(Gall.</strong></span> <span class='ocrx_word' id='word_1_272' title='bbox 881 2610 951 2657; x_wconf 87' lang='lat' dir='ltr'><strong>les</strong></span> <span class='ocrx_word' id='word_1_273' title='bbox 972 2612 1138 2658; x_wconf 83' lang='lat' dir='ltr'><strong>choses</strong></span> <span class='ocrx_word' id='word_1_274' title='bbox 1151 2645 1164 2666; x_wconf 91' lang='lat'><strong>,</strong></span> <span class='ocrx_word' id='word_1_275' title='bbox 1184 2613 1298 2656; x_wconf 89' lang='lat' dir='ltr'><strong>dont</strong></span> <span class='ocrx_word' id='word_1_276' title='bbox 1315 2612 1360 2657; x_wconf 93' lang='lat' dir='ltr'><strong>la</strong></span> <span class='ocrx_word' id='word_1_277' title='bbox 1379 2613 1642 2657; x_wconf 77' lang='lat' dir='ltr'><strong>demonstra</strong></span> <span class='ocrx_word' id='word_1_278' title='bbox 1651 2612 1745 2655; x_wconf 86' lang='lat' dir='ltr'><strong>tion</strong></span> <span class='ocrx_word' id='word_1_279' title='bbox 1765 2615 1837 2655; x_wconf 86' lang='lat' dir='ltr'><strong>est</strong></span> <span class='ocrx_word' id='word_1_280' title='bbox 1853 2610 2060 2656; x_wconf 86' lang='lat' dir='ltr'><strong>sensible</strong></span> <span class='ocrx_word' id='word_1_281' title='bbox 2079 2618 2124 2655; x_wconf 89' lang='lat' dir='ltr'><strong>et</strong></span> <span class='ocrx_word' id='word_1_282' title='bbox 2143 2610 2240 2654; x_wconf 76' lang='lat' dir='ltr'><strong>evi-</strong></span> 
     </span>
     <span class='ocr_line' id='line_1_32' title="bbox 365 2669 2240 2728; baseline -0.001 -14"><span class='ocrx_word' id='word_1_283' title='bbox 365 2669 519 2722; x_wconf 88' lang='lat' dir='ltr'><strong>dente)</strong></span> <span class='ocrx_word' id='word_1_284' title='bbox 534 2702 547 2724; x_wconf 89' lang='lat'><strong>,</strong></span> <span class='ocrx_word' id='word_1_285' title='bbox 568 2670 649 2715; x_wconf 83' lang='lat' dir='ltr'><strong>sed</strong></span> <span class='ocrx_word' id='word_1_286' title='bbox 671 2669 813 2715; x_wconf 88' lang='lat' dir='ltr'><strong>etiam</strong></span> <span class='ocrx_word' id='word_1_287' title='bbox 834 2670 939 2716; x_wconf 84' lang='lat' dir='ltr'><strong>illas</strong></span> <span class='ocrx_word' id='word_1_288' title='bbox 952 2704 965 2727; x_wconf 92' lang='lat'><strong>,</strong></span> <span class='ocrx_word' id='word_1_289' title='bbox 986 2684 1105 2728; x_wconf 85' lang='lat' dir='ltr'><strong>quas</strong></span> <span class='ocrx_word' id='word_1_290' title='bbox 1126 2672 1292 2717; x_wconf 82' lang='lat' dir='ltr'><strong>morali</strong></span> <span class='ocrx_word' id='word_1_291' title='bbox 1314 2672 1590 2717; x_wconf 84' lang='lat' dir='ltr'><strong>certitudine</strong></span> <span class='ocrx_word' id='word_1_292' title='bbox 1609 2670 1827 2725; x_wconf 83' lang='lat' dir='ltr'><strong>amplecti</strong></span> <span class='ocrx_word' id='word_1_293' title='bbox 1848 2676 1895 2715; x_wconf 88' lang='lat' dir='ltr'><strong>et</strong></span> <span class='ocrx_word' id='word_1_294' title='bbox 1911 2672 2014 2716; x_wconf 84' lang='lat' dir='ltr'><strong>sine</strong></span> <span class='ocrx_word' id='word_1_295' title='bbox 2034 2670 2240 2716; x_wconf 87' lang='lat' dir='ltr'><strong>admira-</strong></span> 
     </span>
     <span class='ocr_line' id='line_1_33' title="bbox 364 2728 2238 2787; baseline 0.001 -15"><span class='ocrx_word' id='word_1_296' title='bbox 364 2730 489 2773; x_wconf 92' lang='lat' dir='ltr'><strong>tione</strong></span> <span class='ocrx_word' id='word_1_297' title='bbox 508 2728 673 2772; x_wconf 86' lang='lat' dir='ltr'><strong>audire</strong></span> <span class='ocrx_word' id='word_1_298' title='bbox 691 2728 915 2786; x_wconf 87' lang='lat' dir='ltr'><strong>solemus,</strong></span> <span class='ocrx_word' id='word_1_299' title='bbox 936 2732 1120 2776; x_wconf 85' lang='lat' dir='ltr'><strong>tametsi</strong></span> <span class='ocrx_word' id='word_1_300' title='bbox 1142 2732 1450 2777; x_wconf 85' lang='lat' dir='ltr'><strong>demonstrari</strong></span> <span class='ocrx_word' id='word_1_301' title='bbox 1471 2741 1770 2787; x_wconf 84' lang='lat' dir='ltr'><strong>nequaquam</strong></span> <span class='ocrx_word' id='word_1_302' title='bbox 1791 2731 1986 2787; x_wconf 84' lang='lat' dir='ltr'><strong>possint.</strong></span> <span class='ocrx_word' id='word_1_303' title='bbox 2032 2728 2238 2775; x_wconf 84' lang='lat' dir='ltr'><strong>Euclidis</strong></span> 
     </span>
     <span class='ocr_line' id='line_1_34' title="bbox 364 2786 2238 2851; baseline 0 -20"><span class='ocrx_word' id='word_1_304' title='bbox 364 2787 704 2843; x_wconf 76' lang='lat' dir='ltr'><strong>propositiones</strong></span> <span class='ocrx_word' id='word_1_305' title='bbox 741 2801 768 2833; x_wconf 86' lang='lat' dir='ltr'><strong>a</strong></span> <span class='ocrx_word' id='word_1_306' title='bbox 808 2791 969 2845; x_wconf 80' lang='lat' dir='ltr'><strong>quovis</strong></span> <span class='ocrx_word' id='word_1_307' title='bbox 1004 2792 1350 2851; x_wconf 85' lang='lat' dir='ltr'><strong>percipiuntur,</strong></span> <span class='ocrx_word' id='word_1_308' title='bbox 1395 2790 1668 2845; x_wconf 81' lang='lat' dir='ltr'><strong>priusquam</strong></span> <span class='ocrx_word' id='word_1_309' title='bbox 1706 2789 2099 2835; x_wconf 85' lang='lat' dir='ltr'><strong>demonstrantur.</strong></span> <span class='ocrx_word' id='word_1_310' title='bbox 2162 2786 2238 2831; x_wconf 83' lang='lat' dir='ltr'><strong>Sic</strong></span> 
     </span>
     <span class='ocr_line' id='line_1_35' title="bbox 365 2847 2235 2906; baseline -0.001 -16"><span class='ocrx_word' id='word_1_311' title='bbox 365 2847 504 2891; x_wconf 86' lang='lat' dir='ltr'><strong>etiam</strong></span> <span class='ocrx_word' id='word_1_312' title='bbox 526 2847 743 2893; x_wconf 78' lang='lat' dir='ltr'><strong>historias</strong></span> <span class='ocrx_word' id='word_1_313' title='bbox 763 2859 919 2893; x_wconf 85' lang='lat' dir='ltr'><strong>rernm</strong></span> <span class='ocrx_word' id='word_1_314' title='bbox 942 2856 1037 2894; x_wconf 91' lang='lat' dir='ltr'><strong>tam</strong></span> <span class='ocrx_word' id='word_1_315' title='bbox 1059 2850 1321 2894; x_wconf 72' lang='lat' dir='ltr'><strong>futurarum</strong></span> <span class='ocrx_word' id='word_1_316' title='bbox 1335 2881 1348 2903; x_wconf 89' lang='lat'><strong>,</strong></span> <span class='ocrx_word' id='word_1_317' title='bbox 1370 2860 1510 2904; x_wconf 88' lang='lat' dir='ltr'><strong>quam</strong></span> <span class='ocrx_word' id='word_1_318' title='bbox 1529 2850 1906 2906; x_wconf 81' lang='lat' dir='ltr'><strong>praeteritarum,</strong></span> <span class='ocrx_word' id='word_1_319' title='bbox 1927 2860 2047 2905; x_wconf 86' lang='lat' dir='ltr'><strong>quae</strong></span> <span class='ocrx_word' id='word_1_320' title='bbox 2066 2848 2235 2890; x_wconf 89' lang='lat' dir='ltr'><strong>huma-</strong></span> 
     </span>
     <span class='ocr_line' id='line_1_36' title="bbox 364 2904 2237 2964; baseline 0 -15"><span class='ocrx_word' id='word_1_321' title='bbox 364 2918 471 2949; x_wconf 88' lang='lat' dir='ltr'><strong>nam</strong></span> <span class='ocrx_word' id='word_1_322' title='bbox 491 2904 630 2951; x_wconf 81' lang='lat' dir='ltr'><strong>iidem</strong></span> <span class='ocrx_word' id='word_1_323' title='bbox 651 2920 743 2951; x_wconf 89' lang='lat' dir='ltr'><strong>non</strong></span> <span class='ocrx_word' id='word_1_324' title='bbox 762 2910 1012 2964; x_wconf 87' lang='lat' dir='ltr'><strong>excedunt,</strong></span> <span class='ocrx_word' id='word_1_325' title='bbox 1052 2914 1104 2953; x_wconf 89' lang='lat' dir='ltr'><strong>ut</strong></span> <span class='ocrx_word' id='word_1_326' title='bbox 1122 2915 1168 2954; x_wconf 91' lang='lat' dir='ltr'><strong>et</strong></span> <span class='ocrx_word' id='word_1_327' title='bbox 1186 2922 1248 2953; x_wconf 90' lang='lat' dir='ltr'><strong>m.</strong></span> <span class='ocrx_word' id='word_1_328' title='bbox 1270 2909 1373 2953; x_wconf 85' lang='lat' dir='ltr'><strong>iura</strong></span> <span class='ocrx_word' id='word_1_329' title='bbox 1387 2940 1400 2963; x_wconf 95' lang='lat'><strong>,</strong></span> <span class='ocrx_word' id='word_1_330' title='bbox 1440 2909 1647 2953; x_wconf 81' lang='lat' dir='ltr'><strong>instituta</strong></span> <span class='ocrx_word' id='word_1_331' title='bbox 1675 2914 1722 2953; x_wconf 89' lang='lat' dir='ltr'><strong>et</strong></span> <span class='ocrx_word' id='word_1_332' title='bbox 1739 2920 1892 2953; x_wconf 87' lang='lat' dir='ltr'><strong>mores</strong></span> <span class='ocrx_word' id='word_1_333' title='bbox 1909 2904 2237 2963; x_wconf 67' lang='lat' dir='ltr'><strong>perceptibiles</strong></span> 
     </span>
     <span class='ocr_line' id='line_1_37' title="bbox 363 2964 2235 3025; baseline -0.001 -18"><span class='ocrx_word' id='word_1_334' title='bbox 363 2975 478 3007; x_wconf 76' lang='lat' dir='ltr'><strong>voco</strong></span> <span class='ocrx_word' id='word_1_335' title='bbox 508 2970 553 3006; x_wconf 80' lang='lat' dir='ltr'><strong>et</strong></span> <span class='ocrx_word' id='word_1_336' title='bbox 582 2967 761 3017; x_wconf 74' lang='lat' dir='ltr'><strong>claros,</strong></span> <span class='ocrx_word' id='word_1_337' title='bbox 800 2967 983 3012; x_wconf 84' lang='lat' dir='ltr'><strong>tametsi</strong></span> <span class='ocrx_word' id='word_1_338' title='bbox 1011 2973 1248 3025; x_wconf 83' lang='lat' dir='ltr'><strong>nequeunt</strong></span> <span class='ocrx_word' id='word_1_339' title='bbox 1276 2967 1605 3013; x_wconf 81' lang='lat' dir='ltr'><strong>mathematice</strong></span> <span class='ocrx_word' id='word_1_340' title='bbox 1642 2967 1965 3013; x_wconf 88' lang='lat' dir='ltr'><strong>demonstrari.</strong></span> <span class='ocrx_word' id='word_1_341' title='bbox 2019 2964 2235 3010; x_wconf 87' lang='lat' dir='ltr'><strong>Ceterum</strong></span> 
     </span>
     <span class='ocr_line' id='line_1_38' title="bbox 365 3023 2234 3083; baseline -0.001 -17"><span class='ocrx_word' id='word_1_342' title='bbox 365 3023 711 3081; x_wconf 72' lang='lat' dir='ltr'><strong>hieroglyphice</strong></span> <span class='ocrx_word' id='word_1_343' title='bbox 730 3031 777 3070; x_wconf 88' lang='lat' dir='ltr'><strong>et</strong></span> <span class='ocrx_word' id='word_1_344' title='bbox 795 3026 1032 3083; x_wconf 79' lang='lat' dir='ltr'><strong>historias,</strong></span> <span class='ocrx_word' id='word_1_345' title='bbox 1053 3039 1175 3083; x_wconf 85' lang='lat' dir='ltr'><strong>quae</strong></span> <span class='ocrx_word' id='word_1_346' title='bbox 1195 3027 1336 3072; x_wconf 81' lang='lat' dir='ltr'><strong>iidem</strong></span> <span class='ocrx_word' id='word_1_347' title='bbox 1357 3038 1543 3073; x_wconf 85' lang='lat' dir='ltr'><strong>omnem</strong></span> <span class='ocrx_word' id='word_1_348' title='bbox 1563 3029 1790 3076; x_wconf 85' lang='lat' dir='ltr'><strong>excedere</strong></span> <span class='ocrx_word' id='word_1_349' title='bbox 1807 3028 2032 3081; x_wconf 82' lang='lat' dir='ltr'><strong>videntur,</strong></span> <span class='ocrx_word' id='word_1_350' title='bbox 2051 3024 2234 3077; x_wconf 68' lang='lat' dir='ltr'><strong>‘imper-</strong></span> 
     </span>
     <span class='ocr_line' id='line_1_39' title="bbox 366 3080 2238 3145; baseline 0.003 -23"><span class='ocrx_word' id='word_1_351' title='bbox 366 3080 605 3136; x_wconf 70' lang='lat' dir='ltr'><strong>ceptibiles</strong></span> <span class='ocrx_word' id='word_1_352' title='bbox 630 3096 773 3143; x_wconf 74' lang='lat' dir='ltr'><strong>voco;</strong></span> <span class='ocrx_word' id='word_1_353' title='bbox 810 3090 1027 3131; x_wconf 87' lang='lat' dir='ltr'><strong>ettamen</strong></span> <span class='ocrx_word' id='word_1_354' title='bbox 1047 3098 1102 3131; x_wconf 87' lang='lat' dir='ltr'><strong>ex</strong></span> <span class='ocrx_word' id='word_1_355' title='bbox 1122 3086 1193 3133; x_wconf 87' lang='lat' dir='ltr'><strong>his</strong></span> <span class='ocrx_word' id='word_1_356' title='bbox 1212 3086 1347 3143; x_wconf 87' lang='lat' dir='ltr'><strong>plura</strong></span> <span class='ocrx_word' id='word_1_357' title='bbox 1367 3088 1566 3143; x_wconf 86' lang='lat' dir='ltr'><strong>dantur,</strong></span> <span class='ocrx_word' id='word_1_358' title='bbox 1603 3098 1726 3145; x_wconf 87' lang='lat' dir='ltr'><strong>quae</strong></span> <span class='ocrx_word' id='word_1_359' title='bbox 1746 3098 1800 3133; x_wconf 83' lang='lat' dir='ltr'><strong>ex</strong></span> <span class='ocrx_word' id='word_1_360' title='bbox 1829 3090 1987 3131; x_wconf 86' lang='lat' dir='ltr'><strong>nostra</strong></span> <span class='ocrx_word' id='word_1_361' title='bbox 2015 3082 2238 3129; x_wconf 86' lang='lat' dir='ltr'><strong>methodo</strong></span> 
     </span>
     <span class='ocr_line' id='line_1_40' title="bbox 366 3140 1878 3204; baseline 0.007 -21"><span class='ocrx_word' id='word_1_362' title='bbox 366 3140 629 3197; x_wconf 80' lang='lat' dir='ltr'><strong>investigari</strong></span> <span class='ocrx_word' id='word_1_363' title='bbox 647 3148 859 3202; x_wconf 80' lang='lat' dir='ltr'><strong>possunt,</strong></span> <span class='ocrx_word' id='word_1_364' title='bbox 880 3150 933 3189; x_wconf 89' lang='lat' dir='ltr'><strong>ut</strong></span> <span class='ocrx_word' id='word_1_365' title='bbox 950 3152 1154 3190; x_wconf 84' lang='lat' dir='ltr'><strong>mentem</strong></span> <span class='ocrx_word' id='word_1_366' title='bbox 1175 3146 1382 3193; x_wconf 82' lang='lat' dir='ltr'><strong>auctoris</strong></span> <span class='ocrx_word' id='word_1_367' title='bbox 1400 3148 1736 3204; x_wconf 82' lang='lat' dir='ltr'><strong>percipiamus·</strong></span> <span class='ocrx_word' id='word_1_368' title='bbox 1790 3142 1878 3201; x_wconf 60' lang='grc' dir='ltr'><strong>θρα</strong></span> 
     </span>
    </p>
   </div>
  </div>
 </body>
</html>
