2548 3485
1124 189 1264 241 cat».
1320 186 1412 238 xt.
1769 185 1776 192 '
2080 187 2201 248 1⁷1

320 366 477 435 igitur
499 365 677 430 ibant,
718 366 907 421 Christi
944 365 1249 422 mandatum
1285 365 1725 438 exsequebantur,
1771 381 1868 421 nec
1905 368 2034 436 ipsis
2073 383 2208 437 opus

322 455 457 508 erat,
496 453 556 498 ut
580 451 859 511 antequam
884 446 1044 513 irent,
1084 461 1171 500 res
1204 447 1582 515 praedicandae
1619 447 1806 500 iisdem
1834 446 2204 507 revelat-eninm

323 521 597 590 discipuiis
625 522 827 576 scilicet
847 523 1065 587 Christi,
1106 523 1302 592 quibus
1331 526 1444 593 ipse
1469 525 1757 590 dixerat1)=
1831 523 2004 588 Quum
2032 529 2211 576 autem

322 599 645 652 tradiderim
668 615 762 652 vos
774 641 791 664 ,
828 616 897 652 ne
920 601 1041 652 aitis
1056 601 1308 666 solliciti,
1344 602 1607 670 quomodo
1625 605 1722 653 aut
1738 600 1871 670 quid
1887 599 2182 669 loquamini
2188 619 2209 664 ‚-

322 675 543 728 dabe'tm·
559 679 698 728 anian
714 679 865 730 vobis
880 681 939 729 in
954 677 1051 730 illa
1070 679 1220 744 hora,
1244 679 1380 746 qm'd
1394 679 1682 746 loquemini
1698 683 1800 730 eto.
1871 679 2000 732 Vide
2017 677 2206 733 Matth.

324 767 438 820 cap.
464 753 550 807 10.
568 765 617 805 v.
644 754 726 807 19.
744 753 836 810 2⁰.
910 757 993 810 12.
1032 755 1406 808 concludimus
1433 757 1607 823 itaque
1636 755 1897 823 apostolos
1927 770 1984 808 ea
2009 761 2208 806 tantum

322 845 381 883 ex
399 831 647 898 singulari
669 831 974 884 revelatione
994 832 1241 885 habuisse
1252 870 1269 898 ‚
1297 848 1430 900 quae
1450 835 1559 885 viva
1578 847 1699 886 voce
1720 833 2140 904 praedicaverunt
2158 839 2209 884 et

318 908 479 960 simul
508 908 674 974 signis
702 909 1132 961 confirmaverunt
1159 909 1302 978 (vide
1329 924 1464 976 quae
1493 911 1545 962 in
1564 911 1710 963 initio
1731 911 1799 962 Π.
1823 924 1936 979 cap.
1954 909 2012 980 ⁸)
2033 917 2213 961 osten-

322 986 551 1054 dimus„
590 998 725 1051 quae
757 995 929 1038 autem
956 987 1263 1054 simpliciter
1293 986 1452 1039 nuliis
1480 986 1750 1050 adhibitis,
1792 993 2037 1054 tanquam
2066 985 2211 1038 testi-

320 1061 442 1125 bus,
482 1063 666 1126 signis,
691 1064 883 1130 scripto
902 1063 983 1116 vei
1002 1065 1113 1116 viva
1131 1079 1253 1117 voce
1273 1064 1581 1127 docuerunt,
1623 1080 1681 1118 ea
1701 1079 1757 1117 ex
1777 1065 2074 1131 cognitione
2094 1063 2211 1131 (na-

319 1139 475 1191 turaii
494 1137 717 1207 scilicet)
750 1139 907 1192 locuti
926 1149 1051 1193 sunt
1068 1141 1150 1193 vel
1171 1143 1511 1208 scripserunt3
1554 1156 1655 1207 qua
1678 1141 1742 1194 de
1762 1157 1816 1194 re
1834 1142 1948 1193 vide
1967 1142 2121 1209 epist.
2145 1139 2210 1193 ad

319 1215 552 1268 Corinth.
576 1218 625 1270 1.
652 1230 771 1284 cap.
794 1219 877 1271 14.
900 1231 1035 1270 vers.
1056 1219 1121 1270 6..
1180 1220 1286 1271 Nec
1316 1217 1400 1270 hic
1429 1215 1582 1269 nobis
1611 1233 1808 1271 moram
1837 1219 2028 1280 inficit,
2069 1216 2209 1284 quod

321 1307 506 1347 omues
542 1295 790 1363 epistolae
827 1296 1156 1348 exordiantur
1190 1295 1255 1347 ah
1294 1295 1614 1362 apostolatus
1653 1294 2053 1363 approbationes
2087 1308 2210 1346 nam

322 1371 589 1438 apostolis,
628 1378 689 1423 ut
706 1385 823 1423 mox
840 1371 1111 1426 ostendam
1125 1411 1139 1433 ‚
1162 1385 1267 1423 non
1287 1377 1488 1424 tantum
1508 1373 1671 1425 virtus
1691 1373 1756 1425 ad
1777 1370 2208 1440 prophetandum,

322 1449 419 1502 sed
446 1449 602 1500 etiam
628 1449 906 1501 auotoritas
934 1449 998 1502 ad
1026 1449 1322 1502 docendum
1350 1463 1596 1502 concessa
1623 1457 1720 1502 est.
1797 1449 1881 1502 13.
1920 1449 1988 1501 Et
2004 1450 2100 1501 hac
2121 1463 2208 1499 ra-

322 1528 462 1579 tione
481 1526 835 1590 concedimus,
850 1541 940 1579 eos
962 1535 1209 1594 tanquam
1227 1526 1494 1595 apostolos
1514 1542 1638 1579 suas
1653 1518 1898 1594 epistolas
1913 1527 2206 1593 scripsisse,

323 1611 373 1656 et
399 1604 495 1657 hac
520 1603 587 1656 de
616 1617 771 1656 causa
796 1603 1063 1656 exordium
1096 1620 1125 1656 a
1154 1605 1239 1656 sui
1266 1604 1586 1672 apostolatus
1615 1604 1984 1672 approbatione
2013 1605 2211 1655 unum-

323 1695 587 1749 quemque
605 1681 893 1746 sumsisse3
914 1682 993 1734 vel
1014 1681 1162 1746 forte,
1186 1689 1247 1734 ut
1263 1683 1497 1735 animum
1519 1682 1720 1735 lectoris
1739 1681 1942 1736 facilius
1963 1679 2062 1733 sibi
2083 1693 2212 1730 con-

320 1759 555 1813 ciliarent
571 1767 623 1813 et
639 1758 705 1811 ad
726 1760 1061 1811 attentionem
1082 1760 1376 1824 excitarent,
1391 1762 1664 1813 voluerunt
1683 1770 1798 1814 ante
1818 1760 1992 1813 omnia
2011 1758 2209 1821 testari,

322 1838 519 1889 seinos
540 1850 658 1889 esse
674 1876 687 1899 ,
710 1838 801 1903 qni
822 1835 1070 1889 omnibus
1088 1836 1331 1890 fidelihus
1351 1852 1410 1889 ex
1429 1842 1541 1891 suis
1563 1836 2035 1907 praedicationibus
2054 1836 2213 1887 inno-

322 1922 555 1975 tuerant,
596 1915 760 1980 etqui
779 1920 890 1965 tum
910 1915 1065 1967 claris
1094 1916 1408 1967 testimoniis
1435 1916 1796 1979 ostenderant,
1837 1929 1893 1967 se
1918 1928 2086 1968 veram
2115 1912 2214 1963 do-

323 2006 436 2045 cere
464 1990 765 2057 religionem
794 1999 845 2043 et
872 1992 1059 2045 salutis
1088 1992 1240 2045 viam.
1311 1992 1446 2044 Nam
1476 2007 1822 2058 quaecunque
1857 2005 1950 2058 ego
1977 1991 2032 2043 in
2069 1990 2212 2041 hisce

322 2068 555 2136 epistolis
582 2068 686 2121 dici
716 2068 865 2121 video
894 2070 959 2121 de
988 2068 1344 2136 apostolorum
1374 2070 1637 2121 vocatione
1665 2077 1717 2120 et
1743 2070 1929 2136 spiritu
1961 2073 2138 2120 sancto
2159 2074 2211 2121 et

322 2148 511 2209 divino,
548 2157 703 2212 quem
725 2145 1011 2210 habebant,
1045 2146 1109 2198 ad
1130 2160 1312 2198 eorum
1332 2160 1464 2213 quas
1485 2145 1772 2197 habuerant
1800 2146 2208 2214 praedicationes

322 2225 497 2277 referri
516 2224 695 2286 video,
732 2222 799 2274 iis
822 2231 1023 2275 tantum
1043 2222 1171 2276 locis
1202 2224 1454 2290 exceptis,
1489 2224 1542 2274 in
1574 2222 1766 2288 quibus
1795 2224 2010 2290 spiritus
2036 2222 2132 2273 Dei
2159 2228 2211 2273 et

321 2303 535 2368 spiritus
556 2306 766 2352 sanctus
785 2315 881 2368 pro
900 2308 1073 2353 mente
1092 2315 1237 2363 sana,
1252 2299 1402 2353 beata
1423 2301 1591 2351 etDeo
1613 2300 1778 2352 dicata
1796 2310 1894 2352 etc.
1912 2300 1999 2367 (de
2018 2299 2210 2367 quibus

321 2378 375 2430 in
395 2380 561 2445 primo
580 2391 697 2445 cap.
712 2378 765 2442 8)
786 2377 1041 2446 diximus)
1062 2380 1304 2430 sumitur.
1359 2378 1455 2430 Ex.
1477 2392 1554 2445 gr.
1576 2378 1627 2428 in
1648 2378 1802 2445 epist.
1823 2378 1887 2429 ad
1910 2376 2140 2431 Corinth.
2157 2376 2206 2428 t.

321 2468 434 2523 cap.
454 2456 509 2507 ⁷.
532 2468 663 2507 vers.
688 2455 773 2507 40.
796 2456 869 2506 ait
884 2453 1081 2506 Paulus
1098 2456 1183 2523 ⁴)·
1255 2455 1428 2507 Beata
1456 2459 1634 2506 autem
1653 2461 1754 2521 est,
1793 2458 1843 2507 si
1865 2457 1947 2507 ita
1973 2458 2204 2519 maneat,

422 2635 515 2689 1),
517 2622 687 2689 ,Οταν
718 2627 771 2679 δὲ
795 2628 1161 2699 παραδιδῶσιν
1190 2624 1350 2689 ὖμᾶς,
1379 2624 1450 2695 μὴ
1477 2626 1850 2719 μεριμνήσητε
1863 2628 1969 2685 πῶς
1979 2612 2090 2693 ἢτι
2078 2625 2211 2675 λἀ-

318 2702 543 2773 λῆσητε·
571 2703 870 2773 δοθήσεται
890 2704 995 2777 γὰρ
1014 2700 1043 2754 ὖ
1047 2709 1134 2765 μῖν
1156 2704 1205 2757 ἐν
1225 2705 1276 2755 ἐκ
1250 2704 1387 2779 κείνη
1403 2705 1471 2777 τῇ
1487 2702 1612 2774 ὥρᾳ,
1633 2706 1685 2756 τί
1703 2689 1985 2772 λαλησετε·
2024 2697 2085 2753 οὗ
2106 2698 2210 2773 γὰρ

317 2776 461 2843 ὑμεῖς
488 2781 602 2835 ἕστε
632 2802 683 2834 οι
665 2780 1007 2843 ἶλαλοῦντες,
1042 2776 1186 2833 ἀλλὰ
1210 2780 1272 2833 τὸ
1299 2783 1508 2843 πνεῦμα
1532 2784 1628 2835 τοῦ
1648 2780 1856 2853 πατρὸς
1874 2777 2012 2842 ὑμῶν
2029 2775 2092 2831 τὸ
2110 2780 2209 2829 λα-

317 2860 443 2911 lom·
466 2854 567 2912 iv‘r
540 2863 674 2921 υμῖν.
677 2866 711 2892 “

420 2936 469 2986 2)
506 2934 606 2979 vid.
628 2945 731 2989 cap.
750 2935 856 2988 ις.
878 2936 918 2978 1.
938 2935 981 2978 2.

421 3004 466 3057 8)
504 3003 604 3048 vm.
626 3013 731 3059 cap.
751 3006 793 3047 1.
813 3005 857 3057 ς.
876 3004 943 3049 32.
964 3014 1069 3061 sqq.

418 3082 467 3133 4)
501 3075 933 3145 „Manapioi-ripa
968 3075 1023 3126 δέ
1057 3074 1225 3135 ἐστιν,
1260 3071 1352 3127 ὢν
1387 3069 1523 3125 οὕτω
1560 3071 1732 3144 pelen,
1773 3067 1912 3123 κατὰ
1945 3068 2043 3139 τὴν
2081 3067 2208 3137 ἐμὴν

322 3148 554 3219 γνώμην·
589 3152 723 3204 δοκῶ
740 3151 795 3203 δὲ
813 3148 953 3216 κάγὼ
970 3152 1177 3211 πνεῦμα
1200 3151 1338 3203 Θεοῦ
1358 3152 1544 3215 Πχειν.“
