2548 3485
1117 173 1255 218 car».
1311 173 1447 218 vm.
2103 168 2220 227 135

339 347 572 402 cundum
594 349 784 416 pergin
823 348 1041 413 ethuic,
1081 349 1295 402 historia
1321 349 1537 405 navidis
1566 347 1799 400 nondum
1828 347 1993 414 finita,
2034 348 2226 402 librum

341 428 570 494 primum
607 429 807 493 Regum
842 427 1040 494 iungit,
1099 432 1150 478 et
1181 425 1453 480 historiam
1488 425 1699 480 navidis
1732 439 1939 478 narrare
1984 441 2222 494 pergens,

340 504 550 556 tandem
600 504 718 556 huic
766 503 946 556 eadem
991 505 1357 556 coniunctione
1406 502 1595 555 librum
1638 503 1930 556 secundum
1982 506 2223 556 annectit.

337 583 429 633 215.
467 581 748 632 Gontextus
777 581 964 633 deinde
999 587 1054 633 et
1085 580 1212 635 ordo
1246 581 1579 633 historiarum
1616 581 1772 632 etiam
1800 581 2022 647 indicat,
2060 595 2228 633 unum

341 665 541 709 tantum
573 658 738 712 fuisse
767 657 1100 721 historicum,
1135 659 1226 724 qui
1247 665 1443 710 eertum
1460 656 1564 710 eibi
1585 669 1801 726 scopum
1820 657 2067 726 praefixit.
2138 659 2229 708 ln-

341 736 466 802 cipit
493 737 632 786 enim
670 736 888 804 primam
927 736 1154 788 nationis
1182 734 1447 787 Hebraeae
1483 735 1731 802 originem
1770 750 2001 798 narrare,
2042 735 2229 788 deinde

343 812 524 863 ordine
551 810 746 876 dicere,
789 827 894 879 qua
931 813 1204 864 occasione
1231 821 1283 864 et
1309 811 1508 879 quibus
1534 812 1855 880 temporibus
1884 813 2062 866 Moses
2090 812 2229 878 leges

343 889 542 953 tulerit,
581 889 816 956 ipsi-sque
847 890 1007 942 multa
1044 889 1377 956 praedixerit;
1418 887 1606 941 deinde
1639 890 1903 956 quomodo
1940 888 2231 941 secundum

343 967 512 1018 Mosis
536 967 911 1032 praedictiones
939 973 1126 1020 terram
1157 967 1467 1033 promissam
1498 965 1639 1034 (vide
1669 981 1782 1035 cap.
1804 968 1855 1019 7.
1878 966 2118 1034 Denter.)
2146 967 2232 1017 in-

343 1043 592 1108 vaserint,
629 1055 688 1096 ea
717 1058 836 1096 vero
864 1058 1108 1113 possessa
1139 1043 1341 1110 legibus
1368 1043 1710 1096 valedixerunt
1738 1044 1975 1112 (Denter.
2006 1054 2119 1112 cap.
2142 1045 2228 1095 31.

343 1134 478 1172 vers.
503 1121 650 1192 160,
693 1119 922 1187 indeque
958 1122 1106 1188 ipsos
1143 1121 1305 1174 multa
1345 1121 1477 1173 mala
1512 1129 1833 1188 consequuta
1870 1128 1995 1174 sunt
2030 1119 2228 1190 (eiusd-

341 1213 391 1249 ν.
418 1197 562 1266 17.);
599 1197 864 1264 quomodo
895 1197 1082 1253 deinde
1109 1211 1256 1264 reges
1284 1199 1472 1264 eligere
1498 1199 1772 1252 voluerunt
1800 1199 1985 1266 (Dent.
2006 1212 2120 1266 cap.
2144 1197 2229 1250 17.

343 1289 478 1326 vers-
507 1275 642 1343 14.)‚
682 1276 772 1341 qui
791 1276 946 1327 etiam
965 1283 1121 1342 prout
1139 1275 1279 1340 leges
1298 1283 1616 1338 curaverant,
1638 1277 1709 1328 ita
1731 1289 1814 1328 res
1834 1278 1965 1344 ipsis
1983 1289 2231 1342 prospere

346 1352 418 1403 vel
455 1350 728 1403 infeliciter
763 1359 1024 1404 cesserant
1061 1352 1251 1420 (Dent.
1291 1366 1405 1419 cap.
1434 1355 1523 1406 28.
1548 1366 1697 1406 vers,
1720 1355 1806 1405 36.
1842 1361 1893 1406 et
1917 1367 2051 1406 vers.
2080 1352 2227 1422 ult.),

344 1429 510 1480 donec
535 1427 745 1481 tandem
773 1429 978 1495 imperii
999 1430 1232 1494 ruinam,
1267 1430 1420 1482 sicuti
1440 1431 1608 1497 ipsam
1625 1432 1804 1483 Moses
1826 1430 2141 1499 praedixerat
2156 1431 2230 1498 ¹),

343 1512 530 1558 narrat.
601 1507 690 1559 46.
727 1506 948 1572 Reliqua
977 1513 1176 1572 autem,
1216 1521 1351 1573 quae
1379 1507 1444 1558 ad
1472 1508 1878 1560 confirmandam
1906 1506 2075 1574 legem
2102 1505 2235 1559 nihil

346 1581 558 1646 iaciunt,
595 1577 674 1635 v'el
694 1597 910 1650 prorsus
933 1583 1138 1636 silentio
1157 1584 1442 1648 mandavit,
1472 1586 1553 1638 vel
1572 1585 1814 1638 lectorem
1834 1585 1897 1638 ad
1918 1585 2047 1636 alios
2066 1583 2235 1636 histe-

346 1659 480 1711 ricos
501 1657 724 1726 ablegat.
795 1659 996 1712 Omnes
1012 1662 1170 1727 igitur
1187 1661 1376 1714 bilibri
1405 1664 1457 1715 in
1486 1677 1655 1716 unum
1684 1664 2009 1730 conspirant,
2046 1675 2234 1729 nempe

346 1736 484 1789 dicta
509 1744 562 1789 et
585 1737 752 1789 edicta
780 1738 947 1791 Musis
977 1737 1185 1802 docere,
1225 1752 1389 1807 eaque
1425 1756 1518 1808 per
1552 1754 1724 1793 rerum
1762 1746 1975 1793 eventus
2010 1737 2235 1792 demon-

347 1822 530 1867 strare.
601 1813 687 1866 47.
724 1815 802 1867 Ex
828 1815 910 1867 his
941 1816 1096 1881 igitur
1125 1815 1293 1868 tribus
1319 1818 1477 1869 simul
1494 1819 1862 1884 consideratiS,
1899 1832 2087 1887 nempe
2104 1817 2235 1869 sim-

347 1890 575 1958 plicitate
592 1892 882 1957 argumenti
903 1891 1090 1943 horum
1109 1895 1345 1945 omnium
1364 1893 1614 1947 librorum
1630 1935 1643 1958 ‚
1667 1896 2000 1962 connexione,
2023 1898 2075 1947 et
2092 1892 2236 1961 quod

349 1970 457 2019 sint
473 1968 768 2035 apographa
787 1970 966 2020 multis
985 1976 1104 2035 p'ost
1123 1970 1346 2021 saeculis
1366 1986 1395 2023 a
1414 1970 1573 2023 rebus
1590 1972 1753 2038 gestis
1772 1973 1979 2039 scripta,
2020 1972 2249 2025 conclu-'

349 2045 545 2109 dimus,
567 2054 626 2097 ut
646 2046 802 2097 medo
823 2045 1069 2110 diximus»,
1093 2060 1182 2097 eos
1201 2062 1388 2099 omnes
1404 2047 1469 2100 ab
1490 2062 1597 2100 uno
1617 2048 1732 2099 sole·
1750 2047 1993 2100 historico
2012 2049 2235 2116 scriptos

349 2121 534 2175 fuisse.
621 2123 710 2175 48.
758 2123 1029 2186 Quinam
1075 2131 1285 2175 autem
1332 2125 1386 2176 is
1436 2126 1667 2189 inerit,
1724 2139 1829 2176 nen
1870 2125 1940 2176 ita
1978 2126 2237 2177 evidenter

349 2199 622 2251 ostendere
647 2213 894 2266 possum:
930 2201 1172 2267 ‚suspicor
1198 2207 1371 2252 tamen
1401 2202 1576 2269 ipsum
1604 2202 1922 2254 Hesdram
1950 2201 2147 2265 fuisse3
2185 2210 2237 2255 et

349 2275 603 2341 quaedam
651 2291 756 2329 non
807 2276 935 2329 levia
981 2285 1323 2339 concurrunt,
1372 2292 1433 2331 ex
1468 2277 1661 2346 quibus
1696 2280 2045 2333 coniecturam
2080 2278 2233 2331 facio.

347 2353 479 2405 Nam
517 2368 682 2419 quum
722 2354 1028 2417 hiet-oricus,
1069 2369 1225 2419 quem
1262 2356 1365 2407 iam
1405 2358 1603 2407 scimus
1628 2370 1795 2407 unum
1823 2362 2021 2409 tantum
2049 2356 2231 2420 fuisse,

351 2430 618 2482 historiam
645 2429 897 2497 producat
922 2446 1090 2497 nsque
1119 2430 1183 2483 ad
1210 2432 1458 2485 loiachini
1486 2426 1775 2485 libertatem
1812 2440 1863 2485 et
1899 2436 2115 2502 insuper
2142 2435 2238 2487 ad·-

349 2506 437 2559 dat
451 2508 507 2575 ²)
520 2546 537 2572 ‚
575 2508 752 2575 ipsum
781 2509 918 2575 regis
945 2522 1157 2560 mensae
1181 2508 1618 2563 accubuissetota
1646 2512 1761 2563 eius
1780 2511 1879 2563 vita
1900 2512 2021 2577 (hoc
2050 2520 2130 2564 est
2156 2512 2237 2564 vel

349 2584 598 2635 loiachini
635 2586 711 2637 vel
751 2584 841 2636 filii
877 2582 1358 2648 NehucadnesoriS‚
1398 2600 1519 2637 nam
1548 2600 1737 2639 sensus
1768 2596 1848 2639 est
1878 2588 2031 2656 plane
2066 2587 2237 2640 ambi·-

349 2662 542 2728 guus),
582 2660 702 2713 hinc
729 2662 964 2728 sequitur
991 2675 1112 2713 eum
1141 2663 1346 2715 nullum
1373 2671 1491 2715 ante
1508 2664 1766 2721 Hesdram
1788 2666 1970 2717 fuisse.
2039 2664 2124 2715 49.
2164 2664 2238 2716 At

351 2738 617 2803 Scriptura
637 2739 702 2791 de
720 2738 890 2801 nullo,
931 2740 1021 2805 qni
1047 2746 1158 2791 tum
1187 2740 1390 2803 floruit,
1428 2742 1528 2793 uisi
1556 2741 1623 2794 de
1650 2742 1761 2795 solo
1788 2742 1991 2793 Hesdra
2018 2747 2237 2793 testatur

351 2813 496 2880 (vide
511 2814 748 2867 Hesdrae
765 2830 878 2883 cap.
901 2816 954 2869 7.
975 2817 1187 2885 v.10.)‚
1209 2818 1349 2885 quod
1369 2818 1481 2884 ipse
1502 2832 1659 2871 snum
1677 2819 1911 2871 studium
1931 2817 2236 2883 applicuerit

352 2890 416 2944 ad
445 2892 794 2958 quaerendam
821 2893 993 2960 legem.
1014 2895 1113 2945 Dei
1142 2902 1194 2947 et
1219 2895 1601 2957 adornandam,
1642 2902 1693 2947 et
1722 2892 1864 2960 quod
1892 2900 2001 2945 erat
2018 2896 2237 2963 scriptor

456 3081 498 3131 t)
533 3078 727 3125 Denter.
747 3091 788 3124 c.
808 3082 875 3123 28.
895 3093 937 3124 v.
956 3082 1022 3123 48.
1044 3092 1148 3139 sqq.

453 3140 498 3193 2)
533 3140 633 3185 vid.
654 3143 675 3181 ι
696 3141 808 3197 neg.
827 3142 896 3200 25,
915 3142 982 3185 29.
1001 3144 1070 3184 ao.
