2548 3485
1032 155 1410 202 PRAEFATIO.
2098 159 2160 196 11

147 351 164 372 ·
275 349 476 387 eorum
509 336 657 401 copia
693 334 822 388 mibi
859 334 1092 386 nondum
1127 334 1264 386 facta
1302 342 1399 386 est.
1490 335 1628 388 Num
1663 333 1797 386 forte
1833 335 2163 387 consentiant

275 435 409 472 cum
430 421 854 486 interpretatione
875 420 1076 472 Gallica
1094 435 1193 473 nec
1213 435 1279 473 ne
1300 421 1501 473 nescio.
1540 419 1731 473 Procul
1748 419 1911 472 dubio
1934 417 2157 484 Geelim,

277 505 530 557 eiusdem
554 505 903 558 bibliothecae
932 506 1228 574 praefectus
1256 507 1650 570 ornatissimus,
1680 519 1768 559 eas
1794 505 1998 574 publici
2026 506 2163 558 iuris

281 591 471 653 faciet,
493 605 596 656 quo
614 605 798 659 preces
819 605 966 644 meas
985 590 1228 660 explebit.

391 678 504 727 Has
531 682 716 728 notas
744 677 1023 743 margini
1047 684 1364 729 tractatus
1391 675 1589 731 theol.
1611 677 1799 745 polit.
1829 692 1859 730 a
1888 677 2163 744 Spinoza

281 761 658 829 adscriptas
685 775 812 826 non,
843 763 921 816 uti
937 763 1137 815 Paulus
1157 771 1206 815 et
1225 763 1489 828 Gfroerer,
1520 763 1623 816 fine
1641 762 1842 826 addidi,
1861 762 1959 816 sed
1985 764 2163 832 potius

281 849 364 898 ita
399 852 637 900 versatus
672 862 821 911 sum,
858 855 918 900 ut
943 850 1164 915 margini
1201 849 1439 901 inferiori
1476 863 1828 917 supponerem
1864 851 2041 915 (signo
2069 848 2163 918 Sp.

285 932 526 997 adiecto)
553 949 768 998 omnes;
808 940 860 984 et
886 935 1115 1001 primum
1145 934 1363 1001 quidem
1390 935 1573 1002 plenas
1600 935 1893 988 secundum
1920 941 2165 1001 autogra-

283 1017 457 1087 phum
477 1018 789 1087 descriptae,
819 1018 960 1084 quod
979 1019 1101 1072 Chr.
1123 1020 1185 1071 de
1203 1019 1357 1071 Mum·
1386 1020 1570 1084 edidit,
1602 1021 1657 1072 in
1677 1020 1831 1072 uncis
1850 1035 1970 1072 vero
1989 1018 2166 1072 inclu-

286 1104 502 1168 derem,
546 1104 642 1157 ubi
680 1105 970 1172 exemplum
1004 1103 1357 1159 bibliothecae
1392 1107 1834 1172 Regiomontanae
1879 1105 2163 1168 recederet,

285 1189 434 1256 quod
467 1189 621 1242 litera
654 1191 725 1241 D.
768 1192 1023 1255 (Ποῖον)
1062 1192 1333 1258 insignivi.
1415 1191 1521 1244 Sed
1557 1205 1623 1244 ne
1656 1190 1838 1244 lectori
1875 1191 2165 1258 quidquam

287 1274 522 1339 deesset,
541 1275 728 1328 eodem
745 1277 901 1328 modo
919 1275 1118 1343 ubique
1137 1278 1439 1330 varietatem
1458 1277 1703 1329 lectionis
1722 1277 2166 1343 interpretationis

289 1360 529 1414 Gallicae
567 1363 964 1416 accuratissime
999 1362 1239 1426 laudavi,
1287 1376 1420 1430 quae
1459 1376 1649 1430 saepe,
1694 1363 1771 1414 uti
1808 1361 1983 1414 videre
2020 1361 2165 1424 licet,

287 1447 510 1498 maioris
531 1454 611 1499 est
637 1449 910 1512 momenti,
940 1450 1235 1517 anteposito
1255 1446 1509 1502 vocabulo
1532 1447 1667 1499 Gall.
1690 1449 1794 1512 (St.
1816 1447 1972 1498 Glain
1998 1447 2167 1498 inter-

287 1533 513 1598 pretatio
548 1532 804 1597 Gallica).
885 1536 966 1585 Ita
1010 1534 1236 1600 quisque
1280 1535 1517 1586 omnium
1554 1539 1794 1585 notarum
1840 1532 2167 1600 complexum

288 1617 408 1668 loco
438 1608 682 1671 sudante
713 1621 896 1672 oculos
933 1618 1167 1672 habebit.
1240 1620 1391 1673 Notis
1420 1620 1619 1688 primae
1655 1618 1905 1670 editionis
1936 1633 1986 1670 a.
2012 1617 2165 1684 1610.

288 1717 320 1756 a
351 1703 577 1771 Spinoza
611 1704 808 1757 additis
847 1707 1058 1774 signum
1088 1705 1210 1758 dedi
1238 1703 1390 1773 ΕΡ),
1426 1711 1486 1757 ut
1513 1704 1946 1773 dignoscerentur
1971 1717 2003 1756 a
2028 1705 2168 1757 notis

290 1789 600 1858 posterioris
626 1792 904 1859 temporis.
975 1792 1168 1844 Omnia
1197 1791 1425 1858 denique
1462 1805 1597 1859 quae
1626 1791 1779 1859 signo
1804 1788 1897 1857 Sp.
1930 1791 2169 1858 apposito

291 1888 398 1925 non
438 1874 680 1929 denotata
715 1883 868 1942 sunt,
904 1892 936 1930 a
971 1891 1055 1930 me
1093 1878 1212 1947 lpso
1243 1878 1312 1930 ad
1346 1878 1493 1931 locos
1528 1876 1788 1944 quosdam
1824 1875 2170 1929 illustrandos

289 1959 728 2027 adiungebantur.
854 1969 859 1973 ’

395 2048 738 2100 Tractatus
764 2049 956 2101 theol.
984 2050 1169 2115 polit.
1199 2049 1783 2116 interpretationes
1813 2054 2015 2101 exortae
2046 2054 2172 2100 sunt

291 2132 509 2184 multae.
562 2134 741 2186 Prima
759 2136 1016 2198 omnium,
1036 2150 1194 2203 quam
1212 2136 1317 2187 iam
1338 2136 1651 2201 nuncupavi,
1682 2134 1935 2186 Gallica
1962 2140 2171 2185 auctore

290 2218 522 2269 Domino
563 2218 628 2269 de
662 2218 744 2271 St.
783 2220 940 2272 Gzain
979 2221 1174 2287 triplici
1208 2220 1363 2272 titulo
1386 2221 1463 2283 ⁸).
1554 2218 1728 2272 Unus:
1786 2221 1915 2283 „La
1951 2218 2058 2271 clel'
2100 2219 2171 2269 du

293 2304 592 2357 sanctuaire
628 2320 724 2373 par
749 2320 822 2357 un
861 2314 1070 2369 scavant
1101 2308 1312 2359 homme
1345 2306 1410 2358 dc
1448 2304 1593 2357 notre
1630 2302 1811 2357 siecle.
1883 2304 1958 2356 La
1994 2302 2063 2357 οὺ
2092 2311 2173 2357 est

291 2388 501 2455 l'esprit
534 2390 598 2442 de
638 2390 807 2454 Dieu,
845 2390 896 2442 la
933 2398 1014 2443 est
1051 2392 1102 2444 la
1138 2391 1329 2445 liberte
1366 2393 1465 2456 (11.
1498 2391 1661 2459 epitre
1698 2403 1797 2442 aux
1834 2389 2171 2443 Corinthiens

293 2474 450 2541 cbap.
473 2476 524 2525 3.
561 2490 697 2529 vers,
723 2476 835 2540 17.)
903 2476 952 2527 Α
986 2476 1158 2545 Leyde
1193 2477 1316 2529 cbez
1352 2476 1530 2528 Pierre
1558 2476 1817 2529 Warnaer
1845 2476 2044 2529 1678.“
2084 2478 2168 2530 12.

296 2558 570 2627 531pagg.
642 2561 796 2612 Alter·
831 2568 936 2613 est:
985 2562 1204 2625 „Traite
1243 2562 1337 2615 des
1374 2561 1699 2613 ceremonies
1736 2562 2171 2630 superstitieuses

294 2646 394 2697 des
413 2646 554 2697 Juil's
573 2652 684 2698 tant
711 2647 928 2699 enciens
947 2660 1049 2713 que
1069 2647 1369 2700 modemeS.
1440 2646 1490 2699 A
1507 2646 1841 2699 Amsterdam
1862 2647 1985 2699 cbez
2004 2647 2169 2698 Jacob
2248 2636 2295 2665 χ

295 2730 471 2783 smith
509 2730 707 2783 1678.“
785 2733 854 2784 Et
883 2734 1101 2793 tea-ius:
1147 2732 1497 2797 „Bellexions
1533 2733 1806 2785 curicuses
1844 2730 1970 2784 d’un
2007 2733 2172 2799 esprit

297 2817 658 2869 desinteresse
701 2830 794 2870 sur
838 2816 919 2871 les
964 2818 1212 2872 maticres
1253 2816 1336 2871 les
1377 2816 1501 2886 plus
1546 2817 1891 2887 imponantes
1925 2829 1994 2868 au
2030 2816 2172 2870 salut

413 3002 456 3053 8)
503 3002 602 3046 vid.
638 3000 839 3045 Niceraem
883 3004 1136 3049 memoires
1172 3016 1292 3059 pour
1326 3003 1475 3049 servir
1508 3005 1537 3047 a
1573 3001 1801 3048 l’bistoire
1837 3002 1919 3047 des
1954 3002 2167 3047 hommes

301 3059 504 3105 illustres
533 3066 566 3105 t.
584 3062 719 3108 1111.
743 3074 784 3118 p.
805 3062 870 3105 ⁴⁶.
893 3075 996 3119 sqq.
1058 3062 1126 3105 De
1145 3062 1405 3105 Maizmua:
1431 3064 1478 3107 in
1507 3061 1629 3107 notis
1656 3062 1713 3107 ad
1744 3060 1963 3117 epistolas
1982 3061 2169 3116 Baylia-

304 3132 414 3165 nas:
445 3120 650 3168 Oeuvres
669 3122 875 3169 diverses
896 3124 952 3169 de
971 3122 1059 3169 ΜΓ.
1081 3124 1134 3168 Ρ.
1153 3121 1296 3178 Bayle
1316 3128 1349 3168 t.
1370 3122 1447 3167 lv,
1468 3121 1526 3167 ad
1547 3120 1680 3177 epist.
1701 3122 1769 3165 8³.
1790 3118 1947 3175 (17³1.)
