2548 3485
1104 145 1243 190 ΟΔΡ.
1297 143 1406 189 Vll.
2073 157 2098 215 1
2116 155 2194 216 19

322 351 439 392 esse
460 343 647 392 certos.
717 334 878 392 verae
907 339 1045 402 enim
1071 339 1276 406 pietatis
1304 329 1612 392 documenta
1639 335 1807 391 verbis
1833 335 2196 391 usitatissimis

320 417 703 483 exprimuntur,
745 413 1166 484 quandoquidem
1203 415 1485 469 admodum
1520 416 1837 490 communia,
1887 429 1998 468 nec
2017 417 2196 468 minus

322 493 572 560 simplicia
602 499 653 546 et
678 491 937 547 intellectu
966 489 1131 546 facilia
1159 501 1310 556 sunt;
1349 501 1398 545 et
1426 493 1547 563 quia
1573 507 1688 546 vera
1706 493 1847 545 salus
1867 499 1918 544 et
1935 492 2198 546 beatitudo

322 569 377 621 in
404 582 517 622 vera
544 570 701 623 animi
728 571 1105 639 acquiescentia
1123 568 1383 634 consistit,
1423 579 1472 622 et
1488 585 1587 622 nos
1605 571 1660 622 in
1680 571 1743 622 iis
1761 577 1958 624 tantum
1977 585 2091 622 vere
2110 585 2198 623 ac-

326 647 674 713 quiescimuS,
714 662 849 714 quae
887 647 1171 700 clarissime
1204 644 1562 714 intelligimus.
1636 647 1721 699 09.
1757 648 1894 700 Hinc
1917 647 2198 700 evidentis-

324 725 453 776 sime
482 725 744 791 sequitur,
786 739 881 777 nos
910 731 1133 776 mentem
1165 724 1460 790 Scripturae
1491 721 1622 777 circa
1651 738 1734 777 res
1761 721 2012 777 salutares
2047 730 2098 776 et
2132 720 2198 776 ad

324 799 695 853 beatitudinem
734 802 1047 854 necessarias
1086 808 1223 852 certo
1258 815 1415 868 posse
1449 802 1678 868 assequi.
1753 799 1924 864 Quare
1958 815 2061 852 non
2099 808 2195 862 est,

326 891 417 929 cur
436 877 499 930 de
522 877 736 945 reliquis
755 879 923 932 simus
943 879 1071 930 adeo
1091 878 1322 939 solliciti,
1309 896 1322 907 ·
1365 877 1560 945 reliqua
1583 879 1738 942 enim,
1779 877 2199 945 quandoquidem

325 969 383 1006 ea
419 961 479 1006 ut
516 955 794 1022 plurimum
836 957 1030 1008 ratione
1068 962 1117 1006 et
1151 955 1410 1008 intellectu
1447 952 1717 1023 complecti
1753 968 1858 1006 non
1893 969 2198 1022 possumus„

322 1033 443 1108 plus
466 1032 773 1084 curiositatis
792 1046 952 1100 qnam
973 1031 1203 1084 utilitatis
1222 1030 1602 1084 habent.}1is
1620 1031 1882 1094 existimo,
1925 1047 2008 1083 mc
2026 1046 2198 1084 veram

324 1101 623 1161 'methodum
672 1107 983 1178 scripturam
1035 1109 1402 1174 interpretandi
1452 1108 1770 1170 ostendisse,
1827 1122 2099 1175 meamque
2138 1091 2202 1160 de

324 1185 503 1236 eadem
541 1187 847 1238 sententiam
884 1187 1011 1237 satis
1048 1185 1344 1253 explicasse.
1435 1185 1520 1238 70.
1558 1185 1822 1237 Praeterea
1858 1200 1960 1236 non
1997 1183 2197 1248 dubito,

326 1261 451 1328 quin
489 1263 856 1329 unusquisque
893 1263 995 1315 iam
1032 1261 1226 1325 videat,
1283 1262 1412 1313 hanc
1445 1261 1745 1314 methodum
1785 1261 1988 1312 nullum
2023 1262 2200 1314 lumen

327 1337 527 1404 praeter
561 1339 733 1405 ipsum
764 1338 993 1390 naturale
1022 1341 1238 1404 exigere.
1310 1337 1484 1390 Huius
1515 1339 1652 1390 enim
1686 1338 1901 1395 luminis
1937 1343 2203 1391 natura-et

326 1415 485 1467 virtus
516 1415 566 1466 in
597 1414 692 1466 hoc
719 1415 1053 1481 potissimum
1082 1417 1347 1478 consistit,
1386 1415 1526 1482 quod
1559 1415 1641 1467 res
1661 1415 1858 1466 scilicet
1875 1413 2124 1467 obscuras
2145 1430 2203 1468 ex

326 1491 489 1553 notis,
529 1499 617 1543 aut
643 1500 885 1557 tanquam
914 1494 1049 1544 notis
1078 1492 1238 1558 datis,
1281 1493 1522 1558 legitimis
1561 1489 1944 1557 consequentiis
1984 1491 2203 1544 deducat

327 1574 481 1634 atquc
509 1567 803 1630 concludat3
844 1583 941 1620 nec
968 1567 1107 1620 aliud
1134 1577 1214 1620 est
1240 1568 1381 1635 quod
1401 1569 1525 1621 haec
1544 1577 1717 1621 nostra
1737 1567 2010 1622 methodus
2030 1569 2199 1635 exigit.

324 1644 391 1695 Et
408 1645 646 1711 quamvis
666 1646 1037 1711 concedamuS,
1069 1647 1289 1698 eandem
1307 1661 1411 1699 non
1431 1646 1664 1698 sufficere
1680 1646 1747 1698 ad
1767 1647 1964 1710 omnia,
1997 1649 2128 1712 quae
2148 1645 2203 1696 iu

324 1718 506 1775 Bibliis
544 1730 843 1787 occurrunt,
883 1729 1025 1775 certo
1057 1723 1498 1791 investigandum,
1537 1723 1591 1777 id
1619 1730 1789 1777 tamen
1816 1737 1922 1777 non
1949 1724 2202 1792 exipsius

326 1797 529 1850 defectu
558 1801 743 1864 oritur,
782 1800 875 1853 scd
903 1816 964 1853 ex
988 1814 1079 1864 co,
1118 1801 1259 1869 quod
1288 1802 1394 1864 via,
1433 1814 1589 1867 quam
1619 1816 1788 1854 veram
1809 1798 1860 1854 et
1877 1808 2067 1855 rectam
2087 1814 2203 1853 esse

328 1874 504 1940 docet,
544 1888 812 1943 nunquam
848 1877 999 1930 fuerit
1024 1878 1189 1942 culta,
1232 1892 1328 1930 nec
1358 1876 1422 1929 ab
1457 1877 1760 1931 hominibus
1789 1880 1933 1942 trita,
1972 1880 2204 1945 adeoque

328 1963 575 2003 successu
607 1955 855 2020 temporis
883 1954 1165 2006 admodum
1193 1953 1355 2007 ardua
1383 1960 1433 2006 et
1457 1954 1564 2007 fere
1593 1955 1727 2008 invia
1755 1954 1888 2008 facta
1917 1955 2012 2018 sit;
2049 1960 2108 2007 ut
2145 1968 2204 2007 ex

274 2054 295 2071 ·
327 2030 455 2096 ipsis
476 2026 889 2094 difficultatibus,
914 2046 1044 2098 quas
1063 2032 1243 2095 retuli,
1266 2031 1550 2083 clarissime
1568 2038 1800 2083 constare
1818 2038 1964 2098 puto.

427 2106 513 2158 71.
553 2107 799 2174 Superest
826 2108 929 2160 iam
950 2109 1354 2175 discrepantium
1375 2122 1404 2159 a
1424 2106 1575 2159 nobis
1594 2108 1874 2161 sententias
1893 2110 2198 2161 examinare.

325 2182 473 2246 Quae
494 2184 573 2235 hic
593 2185 818 2250 primum
839 2186 1173 2238 examinanda
1190 2186 1356 2247 venit,
1379 2198 1557 2240 eorum
1577 2190 1656 2237 est
1673 2186 1924 2237 sententia
1939 2223 1954 2248 ,
1986 2188 2074 2252 qui
2095 2193 2204 2238 sta·-

326 2266 479 2313 tuunt
507 2260 681 2313 lumen
712 2262 943 2313 naturale
970 2278 1071 2315 non
1099 2261 1286 2315 habere
1309 2263 1411 2313 vim
1442 2262 1505 2314 ad
1527 2260 1842 2328 Scrspturam
1859 2262 2206 2331 interpretan-

328 2336 482 2401 dum,
522 2335 615 2389 sed
653 2337 718 2389 ad
755 2337 853 2390 hoc
889 2341 1107 2391 maxime
1144 2340 1333 2407 requiri
1370 2338 1548 2391 lumen
1585 2338 1991 2406 supernaturale.
2065 2341 2204 2404 Quid
2303 2352 2308 2357 ·

327 2420 495 2465 autem
518 2414 613 2466 hoc
633 2414 808 2467 lumen
828 2425 1029 2481 praeter
1049 2416 1282 2468 naturale
1301 2416 1387 2478 sit,
1413 2417 1544 2482 ipsis
1563 2416 1922 2483 explicandum
1945 2418 2203 2484 relinquo.
2225 2445 2229 2449 -

329 2488 415 2541 72.
450 2491 560 2558 Ego
580 2491 760 2544 saltem
780 2492 909 2544 nihil
930 2492 1068 2545 aliud
1088 2506 1306 2560 possum
1324 2494 1576 2545 conticere
1589 2532 1604 2557 ,
1645 2508 1801 2560 quam
1825 2493 1966 2561 quod
1984 2496 2086 2563 ipsi
2107 2494 2206 2546 ob-

330 2568 645 2621 scurioribus
674 2570 911 2621 terminis
938 2570 1090 2621 etiam
1112 2568 1385 2623 voluerunt
1413 2570 1584 2633 fateri,
1617 2585 1674 2623 se
1693 2571 1758 2625 de
1775 2586 1893 2625 vero
1913 2574 2206 2639 scripturae

330 2656 488 2693 sensu
525 2650 583 2695 ut
617 2644 897 2713 plurimum
938 2645 1188 2698 dubitare.
1228 2658 1231 2661 ’
1264 2648 1320 2697 Si
1357 2647 1493 2699 cuim
1530 2646 1595 2699 ad
1631 2662 1808 2701 eorum
1846 2649 2204 2715 explicationes

328 2719 643 2779 attendimus
656 2762 671 2785 ,
706 2738 793 2774 eas
813 2723 945 2774 nihii
964 2718 1355 2790 supranaturale
1376 2724 1637 2778 continere
1652 2763 1665 2788 ,
1706 2726 1812 2777 imo
1831 2723 1958 2776 nihil
1977 2725 2078 2775 nisi
2099 2738 2206 2776 me-

328 2810 411 2848 ras
448 2800 766 2852 coniecturas
806 2813 923 2852 esse
960 2801 1299 2867 reperiemus.
1372 2800 1738 2863 conserantur,
1776 2802 1823 2852 si
1849 2802 2041 2867 placet,
2083 2813 2205 2852 cum

330 2874 754 2939 explicationibus
786 2892 993 2942 eorum,
1032 2878 1123 2944 qui
1156 2880 1376 2945 ingenue
1412 2877 1662 2937 fatentur,
1695 2890 1752 2927 se
1788 2876 1992 2937 nullum
2027 2877 2204 2929 lumen

331 2958 528 3016 praeter
546 2954 776 3005 naturale
797 2953 1003 3017 habere,
1026 2963 1077 3006 et
1094 2954 1246 3021 plane
1264 2954 1561 3007 consimiles
1581 2954 1922 3019 reperientur,
1945 2954 2204 3008 humanae

328 3028 551 3093 scilicet,
592 3028 684 3081 diu
712 3030 956 3096 cogitatae
981 3038 1033 3083 et
1060 3046 1179 3083 cum
1207 3030 1382 3083 labore
1410 3032 1662 3083 inventae.
1734 3029 1820 3081 73.
1861 3031 2013 3095 Quod
2034 3040 2204 3085 autem

330 3103 473 3155 aiunt
504 3110 685 3158 iumen
714 3106 943 3160 naturale
968 3107 1031 3161 ad
1059 3108 1156 3160 hoc
1182 3122 1288 3161 non
1319 3106 1575 3170 sufficere,
1618 3105 1804 3157 salsum
1835 3121 1954 3160 esse
1981 3114 2201 3169 constat,
