2548 3485
335 85 366 146 1
377 85 458 146 42
735 82 1124 136 TRAc'rA'rtJS
1163 87 1565 138 Tflssomfflco
1576 115 1601 128 -
1610 88 1823 138 Pom'r.

333 282 495 334 quum
514 273 671 320 totam
691 267 830 320 iliam
851 268 1106 320 civitatem
1127 267 1423 334 depraedati
1448 275 1591 329 sunt,
1626 255 1857 333 eiusque'
1870 279 2054 320 omnes
2080 266 2220 320 cives

331 346 503 414 gladio
529 346 886 398 confecerunt.
962 345 1047 396 13.
1083 347 1190 398 Nec
1215 345 1301 398 hic
1328 359 1461 412 opus
1492 343 1656 396 babeo
1686 345 1859 398 omnia
1880 344 2219 398 Pentateucbi

331 437 620 476 recensere.
695 423 750 474 Si
773 423 892 488 quis
909 422 1066 474 modo
1085 423 1148 475 ad
1165 423 1265 476 boc
1283 423 1575 486 attenderit,
1598 421 1739 489 quod
1756 423 1809 474 in
1830 421 1968 476 bisce
1990 423 2222 489 quinque

330 499 478 552 libris
509 501 682 552 omnia
711 507 982 567 praecepta
1009 501 1207 552 scilicet
1237 507 1287 552 et
1312 499 1557 552 historiae
1584 501 1878 567 promiscue
1908 501 2023 552 sine
2040 499 2222 552 ordine

333 584 630 638 narrentur,
671 591 844 644 neque
872 578 1001 630 ratio
1024 585 1316 645 temporum
1336 576 1613 639 habeatur,
1654 585 1705 630 et
1722 577 1865 643 quod
1884 592 1986 630 una
2007 577 2222 630 eadem·-

333 669 436 721 que
473 653 688 705 historia
725 669 881 721 saepe
919 661 970 706 et
1007 653 1286 721 aliquando
1331 653 1671 708 diversimode
1706 661 1976 720 repetatur
1998 693 2013 715 ,
2070 652 2219 706 facile

335 732 628 796 dignoscet,
667 731 794 783 haec
815 733 987 784 omnia
1007 733 1307 800 promiscue
1325 731 1536 784 collecta
1557 739 1609 784 et
1626 739 1915 784 coacervata
1937 731 2123 794 fuisse,
2160 737 2223 782 nt

331 815 520 877 postea,
535 808 736 861 facilius
755 810 1170 861 examinarentur
1187 809 1310 860 etin
1332 808 1566 860 ordinem
1588 807 1958 875 redigerentur.
2033 807 2117 860 14.
2151 808 2223 860 At

334 901 437 937 non
467 893 665 938 tantum
695 885 847 948 baec,
888 901 1020 953 quae
1049 888 1103 937 in
1126 886 1363 952 quinque
1388 885 1567 947 libriS,
1604 885 1699 941 sed
1717 887 1872 938 etiam
1894 885 2119 951 reliquae
2138 885 2225 936 bi·-

336 964 524 1018 storiae
544 977 712 1028 usque
733 962 798 1015 ad
818 964 1156 1016 vastationem
1177 961 1322 1016 urbis
1339 1002 1354 1026 ,
1394 977 1525 1030 quae
1546 965 1599 1014 in
1620 963 1837 1030 reliquis
1856 969 2054 1028 septem
2072 961 2221 1014 libris

335 1042 690 1102 continentur,
730 1039 913 1091 eodem
943 1041 1096 1092 modo
1125 1040 1365 1092 collectae
1392 1048 1533 1092 sunt.
1609 1041 1742 1103 Quis
1771 1041 1908 1092 enim
1939 1052 2044 1090 non
2064 1039 2217 1102 videt,

335 1120 388 1169 in
419 1132 533 1184 cap.
554 1121 608 1174 2.
629 1117 866 1170 Indicum
888 1133 946 1168 ex
966 1132 1097 1169 vers.
1121 1118 1173 1170 6.
1196 1133 1385 1170 novum
1408 1117 1711 1169 historicum
1734 1116 1918 1168 adferri
1944 1116 2061 1184 (qui
2092 1131 2173 1170 res
2193 1131 2225 1166 a

335 1197 490 1246 Iosua
520 1202 691 1260 gestas
720 1196 871 1246 etiam
893 1196 1194 1263 scripserat)
1214 1196 1436 1264 eiusque
1455 1194 1611 1246 verba
1632 1193 1939 1262 simpliciter
1958 1191 2224 1246 describi?

333 1273 464 1326 Nam
491 1281 765 1339 postquam
784 1272 1062 1326 historicus
1083 1280 1257 1324 noster
1277 1273 1329 1324 in
1348 1273 1446 1324 uit.
1468 1286 1583 1338 cap.
1604 1274 1793 1324 Iosuae
1815 1271 2059 1333 narravit,
2082 1271 2225 1336 quod

334 1351 450 1416 ipse
471 1357 688 1402 mortem
707 1349 918 1412 obierit,
959 1350 1206 1416 quodque
1227 1350 1463 1418 sepultus
1494 1349 1675 1411 fuerit,
1714 1355 1767 1400 et
1790 1349 1845 1399 in
1872 1349 2039 1416 primo
2067 1348 2225 1400 huius

337 1426 455 1478 iibri
476 1441 682 1478 narrare
695 1441 754 1478 ea
775 1429 1084 1493 promiserit,
1103 1441 1236 1492 quae
1251 1435 1367 1494 post
1388 1423 1622 1478 eiusdem
1645 1434 1861 1478 mortem
1883 1427 2221 1494 contigerunt,

337 1519 438 1571 qua
459 1506 673 1568 ratione,
715 1504 760 1554 si
782 1503 927 1556 filum
947 1519 1073 1556 suae
1089 1503 1336 1556 historiae
1358 1505 1508 1569 sequi
1529 1502 1749 1568 volebat,
1790 1504 2043 1570 potuisset
2062 1518 2229 1568 supe-

338 1581 562 1634 rioribus
600 1587 871 1632 annectere
885 1619 900 1642 ,
957 1594 1092 1646 quae
1129 1580 1212 1632 bic
1247 1580 1313 1631 de
1351 1582 1467 1647 ipso
1502 1583 1656 1633 Iosua
1692 1595 1900 1633 narrare
1938 1581 2118 1648 incipit
2134 1577 2230 1650 *Ti

341 1660 424 1710 15.
463 1659 553 1709 Sic
571 1659 725 1710 etiam
745 1657 914 1723 capita
937 1657 1020 1708 17.
1045 1658 1128 1709 18.
1152 1664 1248 1709 etc.
1273 1657 1532 1709 Samuelis
1554 1657 1665 1710 iibri
1687 1659 1737 1710 1.
1760 1672 1819 1709 ex
1848 1657 1949 1710 aiio
1980 1657 2227 1712 historico

340 1737 578 1789 desumto
609 1741 758 1799 sunt,
801 1735 889 1800 qui
919 1735 1070 1787 aliam
1090 1750 1303 1787 causam
1326 1733 1581 1789 sentiebat
1601 1735 1792 1800 fuisse,
1832 1750 1924 1790 cur
1940 1735 2104 1789 David
2131 1751 2228 1793 au·-

341 1815 444 1866 lam
465 1812 641 1865 Saulis
663 1812 986 1878 frequentare
1004 1814 1283 1880 inceperit,
1323 1814 1471 1879 longe
1493 1814 1745 1867 diversam
1769 1813 1835 1866 ab
1858 1812 1972 1875 iila,
2012 1828 2145 1879 quae
2173 1816 2227 1867 in

343 1905 458 1958 cap.
482 1892 566 1942 16.
587 1889 710 1943 iibri
731 1890 966 1943 eiusdem
985 1898 1242 1942 narratur.
1316 1892 1429 1942 Non
1450 1893 1591 1943 enim
1612 1892 1792 1955 sensit,
1820 1890 1958 1955 quod
1977 1891 2139 1943 David
2168 1906 2228 1944 ex

345 1968 564 2019 consilio
591 1981 855 2020 servorum
878 1983 906 2019 a
928 1966 1085 2021 Sauio
1105 1975 1317 2020 vocatus
1335 1969 1511 2035 ipsum
1533 1966 1655 2021 adiit
1684 1966 1840 2034 (utin
1862 1982 1973 2036 cap.
2000 1968 2081 2021 16.
2106 1984 2229 2021 nar-

343 2046 540 2113 ratur),
583 2044 676 2097 sed
705 2046 846 2113 quod
877 2060 1001 2098 casu
1020 2060 1049 2097 a
1069 2052 1212 2112 patre
1234 2045 1297 2097 ad
1320 2046 1501 2097 fratres
1521 2046 1575 2097 in
1594 2052 1761 2097 castra
1782 2046 1974 2097 missus
1994 2045 2149 2097 Saulo
2170 2060 2230 2097 ex

341 2124 611 2175 occasione
631 2123 902 2187 victoriae,
945 2138 1100 2189 quam
1122 2129 1297 2174 contra
1318 2122 1657 2174 Philistaeum
1678 2122 1847 2174 Goliat
1867 2120 2075 2183 babuit,
2116 2129 2226 2173 tum

341 2202 556 2253 demum
586 2202 813 2251 innotuit
840 2208 890 2251 et
915 2202 968 2250 in
999 2200 1115 2251 aula
1139 2200 1380 2251 detentus
1401 2199 1517 2251 fuit.
1590 2200 1734 2251 Idem
1757 2199 1821 2250 de
1839 2213 1951 2265 cap.
1971 2198 2059 2251 26.
2082 2199 2230 2251 eius-

343 2280 462 2330 dem
493 2278 614 2329 iibri
646 2279 910 2344 suspicor,
954 2276 1092 2342 quod
1123 2278 1375 2331 nimirum
1406 2274 1685 2329 historicus
1715 2275 1928 2328 eandem
1956 2276 2029 2327 ibi
2060 2274 2229 2329 histo-

341 2356 470 2410 riam
487 2394 501 2416 ,
544 2370 676 2420 quae
697 2370 813 2423 cap.
834 2358 920 2409 24.
943 2355 1190 2416 habetur,
1229 2354 1522 2407 secundum
1546 2356 1845 2422 opinionem
1868 2353 2085 2405 alterius
2104 2368 2231 2407 nar-

342 2446 454 2483 rare
479 2431 733 2482 videatur.
807 2434 892 2485 16.
931 2433 1032 2483 Sed
1062 2432 1162 2483 boc
1179 2432 1403 2483 missum
1425 2431 1559 2483 facio
1578 2440 1629 2483 et
1646 2432 1710 2482 ad
1731 2445 1983 2483 annorum
2007 2444 2226 2497 compu-

343 2512 590 2561 tationem
629 2510 1017 2560 examinandam
1058 2524 1236 2577 pergo.
1309 2510 1436 2577 Cap.
1469 2510 1520 2561 6.
1550 2508 1668 2561 iibri
1702 2510 1750 2560 1.
1782 2508 1984 2573 Regum
2017 2508 2223 2570 dicitur,

345 2586 484 2654 quod
515 2584 758 2637 Salomon
789 2586 1044 2652 tempium
1072 2586 1361 2639 aedificavit
1399 2602 1535 2640 anno
1563 2586 1684 2637 480.
1719 2585 1785 2637 ab
1812 2585 2035 2652 Aegypti
2072 2586 2226 2637 exitu.

344 2667 414 2794 A⁷t
459 2679 518 2793 t}
561 2662 790 2715 historiis
837 2664 972 2731 ipsis
1017 2652 1470 2731 ionge'maiorem
1518 2676 1793 2715 numerum
1848 2662 2227 2715 concludimus·

347 2744 372 2794 1
417 2779 430 2792 .
518 2755 600 2792 am

449 2943 488 2993 ⁶)
527 2942 644 2989 Gall.
677 2945 722 2989 in
753 2956 1071 3002 „remarques
1102 2944 1343 2991 curienses
1374 2950 1421 2989 et
1448 2944 1739 2991 necessaires
1767 2956 1887 3003 pour
1904 2938 2231 2999 l’intelligeaee

351 2998 408 3044 de
439 3012 489 3045 ce
515 3000 673 3047 livre“
712 3012 836 3053 not.:
877 3004 1046 3059 „C'est
1072 3007 1098 3049 a
1129 3005 1226 3049 dire
1255 3016 1313 3049 en
1343 3004 1546 3051 d'autres
1576 3010 1747 3055 termes
1787 3011 1835 3050 et
1860 3002 1975 3052 dans
2005 3013 2067 3049 un
2095 3007 2231 3047 autre

352 3061 487 3105 ordre
499 3092 512 3118 ,
549 3061 687 3119 qu‘ils
705 3076 763 3110 ne
781 3078 834 3111 se
853 3070 1068 3110 trouvent
1084 3076 1146 3111 au
1164 3062 1280 3112 livre
1298 3064 1357 3111 de
1376 3063 1573 3113 lewe-‘⁴
