2548 3485
335 192 418 254 6'0
735 198 1123 244 macru-us
1162 198 1819 245 THEOLofllco-POLIT.

334 379 418 430 50.
457 379 633 430 Moses
651 378 861 428 enimin
881 377 1106 429 Levitico
1125 393 1238 446 cap.
1266 379 1349 430 18.
1370 392 1419 430 v.
1440 377 1527 432 2⁷.
1548 375 1633 432 28.
1659 382 1833 427 monet
1849 374 2128 437 Israelitas,
2160 389 2225 426 ne

333 455 544 507 incestis
565 455 875 522 polluentur,
891 454 1046 506 veluti
1058 455 1421 517 Canabanitae‚
1436 469 1501 504 ne
1521 454 1664 518 ipsos
1685 460 1817 503 terre
1836 459 2052 514 evomat,
2070 452 2225 503 sicuti

336 534 561 584 evomuit
581 533 694 584 illas
715 539 920 598 gentes,
942 547 1073 598 quae
1093 533 1178 583 illa
1199 533 1310 583 loca
1330 529 1705 585 inhabitabant.
1780 530 1847 580 Et
1862 531 2017 581 Deut.
2038 543 2147 595 cap.
2169 530 2224 582 8.

334 625 381 660 v.
424 611 508 662 1⁹.
545 611 634 664 20.
671 609 804 676 ipsis
840 609 1247 676 expressissimis
1267 609 1438 661 verbis
1476 608 1681 659 totalem
1729 608 1929 658 ruinam
1978 607 2222 657 minatur.

336 706 421 756 suc
449 705 588 757 enim
619 703 717 754 ait:
766 687 946 787 333333
1013 700 1285 796 jamim
1327 695 1461 767 3333
1501 706 1566 785 33
1608 685 1767 778 133333
1812 706 1952 792 3333
1996 695 2219 785 3ΠἾ1ζΠ

337 813 580 900 mmm
625 821 690 902 13
730 819 982 904 mmmm)
1025 821 1240 899 ''l'mffiD
1282 817 1431 905 mn!
1477 818 1638 902 ἾΨέἑ
1688 817 1854 864 testor
1876 814 2022 865 vobis
2048 812 2223 877 hodie,

337 908 480 976 quod
496 909 733 960 absolute
744 885 1026 975 peribitis,-
1063 886 1227 959 sicuti
1240 884 1443 974 gente-i,
1468 891 1601 974 ques
1618 877 1764 958 ³Deus
1782 923 1855 958 ex
1874 910 2049 958 vestra
2059 921 2227 972 prae-

337 988 514 1037 sentia
527 987 892 1052 periresacit,
931 989 1008 1036 sic
1022 986 1285 1052 peribitis.
1360 986 1428 1036 Et
1444 985 1509 1036 ad
1529 984 1669 1036 hunc
1688 985 1903 1036 modum
1922 984 2053 1034 alin
2041 997 2093 1034 tn
2114 983 2227 1048 lege

339 1063 663 1130 reperiuntur
675 1101 692 1126 ‚
735 1077 866 1126 quae
885 1077 1122 1129 expresse
1143 1063 1404 1124 indicant,
1442 1064 1611 1114 Deum
1630 1077 1734 1113 non
1754 1060 2017 1123 absolute,
2057 1074 2228 1125 neque

333 1141 386 1191 in
421 1146 686 1192 aeternum
717 1138 1006 1191 Hebraeam
1037 1141 1295 1192 nationem
1334 1138 1573 1205 elegisse.
1648 1139 1734 1193 51.
1806 1138 1862 1188 Si
1900 1139 2075 1204 itaque
2105 1153 2229 1204 pro-

338 1217 524 1284 phetae
559 1217 624 1267 iis
656 1231 844 1268 novum
873 1224 926 1268 et
951 1216 1216 1268 aeternum
1246 1217 1431 1268 foedus
1458 1218 1553 1269 Dei
1579 1214 1915 1280 cognitionis,
1954 1214 2147 1266 amoris
2178 1221 2228 1265 et

339 1296 530 1360 gratiae
557 1293 941 1360 praedixerunt,
979 1293 1032 1344 id
1062 1294 1162 1358 piis
1187 1300 1391 1345 tantum
1430 1293 1657 1360 promitti
1696 1291 1845 1343 facile
1882 1291 2223 1347 convincitur.

337 1373 472 1423 Nam
501 1371 556 1422 ln
589 1369 768 1422 eodem
787 1369 1074 1424 Ezechielis
1095 1371 1289 1437 capite,
1322 1369 1465 1438 quod
1483 1369 1639 1422 modo
1658 1369 1929 1422 citavimus
1944 1405 1958 1430 ,
1991 1382 2229 1435 expresse

339 1447 551 1511 dicitur,
591 1448 733 1512 quod
763 1449 907 1500 Deus
935 1446 1002 1498 ab
1032 1448 1098 1498 iis
1126 1447 1383 1514 separabit
1412 1447 1629 1499 rebelles
1658 1455 1711 1498 et
1746 1444 2141 1507 deficientes*);
2178 1452 2231 1496 et

339 1525 664 1591 Tsephoniae
683 1539 798 1591 cap.
821 1525 872 1575 3.
894 1538 943 1576 v.
967 1524 1052 1574 11.
1078 1525 1161 1576 12.
1176 1563 1191 1587 ,
1233 1523 1377 1590 quod
1393 1526 1539 1576 Deus
1568 1522 1827 1589 superbos
1853 1521 2047 1574 auferet
2067 1536 2096 1574 e
2114 1535 2228 1572 me-

341 1603 426 1653 dio
447 1609 500 1654 et
516 1615 770 1668 pauperes
788 1601 1097 1667 superstites
1117 1600 1289 1653 faciet.
1360 1600 1429 1650 Et
1444 1603 1569 1667 quia
1588 1602 1713 1652 baec
1733 1599 1915 1652 electio
1933 1613 2105 1654 veram
2124 1599 2228 1648 vir-2

340 1686 502 1730 tutem
532 1684 752 1746 spectat,
793 1691 896 1729 non
926 1677 1216 1744 putandum
1237 1685 1344 1740 est,
1388 1677 1526 1742 quod
1548 1677 1649 1744 piis
1668 1677 1979 1730 Iudaeorum
2000 1682 2223 1737 tantum,

341 1758 523 1809 ceteris
543 1755 792 1817 exclusiS,
833 1757 1089 1821 promissa
1109 1754 1265 1807 fuerit
1283 1795 1297 1817 ,
1336 1754 1430 1807 sed
1452 1754 1605 1821 plane
1626 1755 1970 1817 credendum,
2008 1754 2229 1819 gentiles

337 1847 484 1884 veros
503 1833 782 1900 propbetas
795 1871 809 1894 ,
842 1846 974 1897 quos
995 1846 1175 1883 omnes
1198 1834 1431 1883 nationes
1449 1830 1697 1884 babuisse
1714 1832 2041 1885 ostendimus
2056 1871 2069 1892 ,
2102 1846 2231 1881 ean-

338 1910 458 1961 dem
477 1910 630 1961 etiam
657 1908 899 1960 fidelibus
918 1923 1132 1961 suarum
1151 1910 1421 1961 nationum
1450 1904 1787 1975 promisisse,
1826 1923 2020 1974 eosque
2048 1907 2227 1959 eadem

339 1986 531 2039 solatus
551 1986 737 2037 fuisse.
813 1988 897 2040 52.
937 1986 1114 2049 Quare
1130 1987 1228 2038 hoc
1246 1994 1513 2038 aeternum
1532 1986 1717 2039 foedus
1737 1987 1835 2039 Dei
1854 1984 2159 2052 cognitionis
2180 1990 2233 2035 et

339 2065 530 2116 amoris
549 2062 834 2115 universale
854 2071 955 2126 est,
998 2072 1056 2115 ut
1073 2065 1225 2115 etiam
1245 2079 1304 2115 ex
1322 2063 1645 2130 Tsepboniae
1664 2078 1776 2129 cap.
1800 2064 1851 2115 3.
1874 2078 1922 2113 v.
1946 2063 1997 2115 9.
2022 2062 2101 2115 10.
2124 2061 2230 2111 evi-

339 2142 644 2193 dentissime
673 2148 899 2203 constat,
938 2140 1172 2207 adeoque
1202 2142 1299 2193 bac
1324 2142 1377 2193 in
1408 2156 1462 2192 re
1482 2141 1624 2193 nulla
1643 2148 1723 2193 est
1742 2138 2057 2193 admittenda
2077 2137 2229 2189 diffe-

340 2220 502 2270 rentia
521 2220 652 2269 inter
669 2219 889 2271 ludaeos
907 2226 960 2269 et
975 2225 1172 2283 gentes,
1195 2232 1368 2283 neque
1388 2219 1545 2283 igitur
1564 2220 1716 2270 etiam
1736 2218 1835 2271 alia
1853 2217 2031 2270 electio
2051 2216 2115 2266 iis
2134 2228 2229 2279 pe·-

339 2296 544 2347 culiaris
565 2304 764 2362 praeter
781 2297 940 2359 illam,
963 2310 1120 2361 quam
1143 2296 1244 2346 iam
1265 2294 1615 2347 ostendimus,
1685 2297 1752 2348 Et
1772 2295 1909 2360 quod
1932 2292 2225 2360 prophetae,

341 2372 467 2423 dum
499 2372 564 2423 de
593 2373 687 2423 hac
705 2372 953 2424 electione
968 2412 982 2434 ,
1023 2386 1156 2437 quae
1177 2372 1341 2423 solam
1359 2386 1528 2425 veram
1547 2374 1785 2425 virtutem
1802 2379 2026 2439 spectat,
2066 2369 2231 2423 multa

339 2450 404 2501 de
423 2448 688 2500 sacrificiis
715 2456 767 2499 et
795 2449 911 2501 aliis
941 2450 1246 2501 ceremoniis
1274 2464 1335 2501 ac
1361 2450 1539 2517 templi
1566 2458 1619 2502 et
1645 2450 1790 2501 urbis
1822 2448 2231 2504 reaedificatione

339 2528 605 2588 misceant,
629 2540 722 2591 pro
743 2540 884 2577 more
903 2532 955 2577 et
975 2532 1156 2578 natura
1173 2527 1475 2593 prophetiae
1496 2542 1579 2579 res
1599 2526 1895 2593 spirituales
1914 2524 2015 2577 sub
2035 2522 2229 2575 talibus

341 2604 520 2670 figuris
539 2602 786 2669 explicare
809 2602 1106 2666 voluerunt,
1149 2610 1206 2655 ut
1223 2602 1434 2655 ludaeis
1452 2642 1466 2666 ,
1506 2618 1725 2669 qnorum
1754 2610 1899 2657 erant
1928 2601 2223 2668 prophetae,

339 2680 542 2747 imperii
579 2687 630 2731 et
666 2677 841 2746 templi
880 2681 1338 2745 restaurationem,
1389 2687 1621 2749 tempore
1656 2681 1771 2746 Cyri
1808 2678 2223 2746 exspectandam,

339 2758 817 2811 simulindicarent.
891 2757 977 2808 53.
1015 2760 1187 2821 Quare
1216 2757 1371 2808 bodie
1403 2758 1579 2810 ludaei
1611 2756 1737 2807 nibil
1766 2771 1981 2821 prorsus
2008 2756 2223 2817 habent,

341 2834 482 2900 quod
511 2833 611 2887 sibi
642 2848 800 2900 supra
829 2848 1014 2885 omnes
1043 2836 1279 2886 nationes
1310 2833 1536 2887 tribuere
1567 2834 1787 2900 possint.
1862 2833 2015 2895 Quod
2054 2839 2229 2883 autem

341 2919 415 2963 tot
433 2925 596 2963 annos
616 2912 840 2977 dispersi
859 2911 1062 2976 absque
1079 2913 1297 2977 imperio
1315 2912 1660 2977 perstiterint,
1698 2910 1752 2962 id
1780 2910 1997 2963 minime
2013 2911 2224 2971 mirum,

339 2996 620 3056 postquam
640 3001 698 3039 se
715 2986 782 3039 ab
801 2988 1045 3041 omnibus
1065 2988 1364 3041 nationibus
1386 2990 1455 3041 ita
1474 2994 1866 3057 separaverunt,
1906 2993 1968 3039 ut
1992 2987 2231 3041 omnium

448 3166 488 3219 ·)
525 3164 694 3208 Ezecb.
717 3166 784 3223 20,
807 3168 874 3209 ³8.
