2548 3485
336 107 365 164 1
378 108 456 168 04
736 109 903 154 TRAC
910 106 1129 154 TATUS
1164 103 1566 154 Tnssohofflco
1576 132 1602 143 -
1610 103 1822 151 PoLIT.

335 293 390 342 in
426 286 843 355 obtemperandis
879 287 1094 352 spiritus
1142 285 1306 338 sancti
1351 285 1704 347 documentis,
1750 291 1906 351 quam
1942 287 1998 338 iu
2037 286 2218 340 defen-

337 367 521 419 dandis
551 366 821 422 hominum
851 363 1159 417 commentis
1186 364 1286 416 sita
1303 363 1398 423 sit3
1437 363 1542 414 imo
1569 369 1627 414 ut
1655 363 1830 428 religio
1858 377 1962 416 nou
1993 365 2214 426 caritate,

337 445 428 496 sed
460 441 863 495 disseminandis
892 440 1167 493 discordiis
1196 441 1328 492 inter
1356 438 1596 492 homiues
1624 448 1676 493 et
1699 441 1818 492 odio
1847 441 2220 507 infensissimo,

338 521 475 588 quod
506 521 635 572 falso
665 519 873 573 nomine
901 518 996 568 zeli
1030 518 1187 570 divini
1214 524 1267 568 et
1284 516 1508 569 ardentis
1537 518 1702 568 studii
1717 518 2058 583 adumbrant,
2097 534 2221 586 pro-

336 598 569 666 pagando
608 597 946 648 contineatur.
1017 595 1103 646 Ad
1141 594 1267 646 haec
1303 594 1436 646 mala
1473 596 1688 646 accessit
1723 597 2048 663 superstitio,
2091 611 2220 664 quae

338 677 573 728 homines
604 674 853 726 rationem
882 679 933 722 et
962 681 1196 723 naturam
1226 680 1556 724 contemnere
1585 673 1734 724 docet
1763 681 1813 724 et
1833 673 1890 726 ld
1906 680 2106 727 tantum
2125 675 2223 726 ad-

338 753 513 805 mirari
543 766 602 802 ac
630 753 885 815 venerari,
927 749 1067 815 quod
1104 749 1226 800 huic
1261 749 1442 814 utique
1479 758 1748 816 repugnat.
1822 752 1872 802 5.
1912 751 2081 814 Quare
2117 767 2222 803 non

340 832 530 882 mirum
561 836 665 890 est,
708 828 850 894 quod
879 827 1145 889 hominm,
1183 833 1242 876 ut
1273 827 1589 892 scripturam
1628 828 1793 896 magis
1829 828 2146 881 admirentur
2173 837 2224 880 et

339 913 671 967 venerentur,
710 920 823 958 eam
843 906 913 956 ita
934 904 1183 972 explicare
1202 903 1474 965 studeant,
1514 904 1701 968 uthis,
1739 907 1924 958 rationi
1951 907 2145 958 seilicet
2173 917 2224 959 et

340 992 582 1046 naturae,
630 997 786 1048 quam
824 983 1043 1033 maxime
1080 995 1366 1047 repugnare
1405 982 1661 1046 videatur,
1713 983 1935 1049 ideoque
1970 985 2024 1036 iu
2063 987 2222 1036 sacris

338 1062 501 1113 literis
523 1059 930 1128 profundissima
950 1060 1189 1126 mysteria
1207 1059 1364 1110 latere
1381 1060 1673 1122 somnia-nt,
1715 1068 1766 1112 et
1793 1062 1960 1124 iniis,
2001 1062 2098 1113 hoe
2124 1069 2219 1124 est,

339 1141 408 1190 ita
428 1138 668 1189 absurdis
690 1137 1075 1200 investigandis,
1116 1137 1298 1187 ceteris
1317 1135 1536 1188 utilibus
1555 1136 1819 1203 neglectis,
1859 1137 2219 1205 defatigantur,

340 1224 390 1268 et
409 1214 657 1282 quicquid
678 1214 753 1264 sic
775 1212 1036 1265 delirando
1054 1211 1284 1278 fingunt,
1317 1213 1370 1264 id
1394 1228 1548 1266 omne
1569 1215 1774 1280 spiritui
1793 1223 1972 1267 sancto
1992 1215 2226 1267 tribuunt

341 1301 391 1344 et
426 1307 631 1344 summa
668 1293 714 1343 vi
751 1299 905 1356 atque
943 1289 1219 1342 affectuum
1254 1292 1456 1358 impetu
1495 1290 1770 1345 defendere
1809 1299 2079 1346 conantur.
2149 1297 2225 1346 lta

341 1372 479 1423 enim
500 1384 617 1420 cum
639 1368 937 1420 hominibus
958 1375 1312 1434 comparatum
1333 1375 1440 1432 est,
1463 1375 1523 1423 ut
1540 1365 1790 1434 quicquid
1812 1385 1942 1436 puro
1961 1371 2221 1422 intellectu

340 1449 661 1514 concipiunt,
686 1446 817 1520 ‚solo
847 1445 1109 1498 intellectu
1140 1451 1191 1496 et
1216 1445 1442 1507 ratione,
1483 1447 1734 1512 quicquid
1761 1454 1935 1498 contra
1973 1462 2031 1500 ex
2067 1449 2223 1498 animi

340 1523 611 1576 affectibus
641 1525 945 1591 opinantur,
986 1521 1173 1574 iisdem
1209 1523 1363 1573 etiam
1395 1522 1712 1574 defendant:
1767 1524 1820 1575 6.
1856 1527 1924 1576 Ut
1959 1532 2130 1576 autem
2157 1525 2224 1576 ab

340 1605 424 1653 his
451 1601 618 1653 turbis
646 1599 949 1652 extricemur
980 1606 1031 1650 et
1058 1606 1284 1651 mentem
1312 1614 1342 1650 a
1359 1601 1689 1666 praeiudiciis
1707 1601 2010 1667 theologicis
2029 1601 2224 1654 libere-

344 1694 486 1740 mm,
528 1692 623 1729 nec
648 1685 837 1730 temere
866 1676 1136 1728 hominum
1160 1676 1398 1742 figmenta
1420 1692 1514 1744 pro
1534 1677 1720 1730 divinis
1750 1679 2074 1733 documentis
2105 1693 2224 1729 am·-

342 1757 651 1823 plectamur‚
710 1753 863 1805 nobis
910 1754 983 1805 de
1027 1769 1166 1807 vera
1221 1754 1520 1807 methodo
1563 1756 1963 1823 Scripturam
2018 1758 2078 1807 iu
2093 1764 2228 1808 ter-

341 1832 637 1900 pretandi
686 1831 944 1897 agendum
994 1838 1075 1883 est
1107 1839 1157 1883 et
1192 1831 1257 1884 de
1295 1832 1476 1883 eadem
1514 1833 1899 1893 disserendumz
1959 1833 2053 1885 hac
2087 1835 2226 1886 enim

342 1913 569 1975 ignorata
602 1908 726 1960 nihil
757 1916 894 1959 certo
913 1910 1045 1961 scire
1064 1923 1378 1977 possumus,
1417 1909 1542 1975 quid
1563 1912 1824 1977 Scriptura
1841 1950 1856 1973 ‚
1895 1912 2090 1977 quidve
2117 1914 2230 1979 spi·-

344 1988 473 2037 ritus
494 1994 705 2038 sauctus
727 1985 907 2038 docere
929 1986 1054 2037 vult.
1126 1988 1258 2038 Eam
1281 1994 1450 2040 autem
1467 2026 1482 2050 ‚
1522 1996 1580 2039 ut
1599 1988 1680 2039 hic
1697 1989 1878 2054 paucis
1897 1986 2224 2055 complectar,

344 2066 459 2116 dico
490 2063 789 2116 methodum
820 2063 1186 2129 interpretandi
1210 2064 1526 2130 scripturam
1555 2064 1694 2116 haud
1717 2064 1918 2117 differre
1937 2080 1966 2115 a
1985 2066 2230 2118 methodo

344 2141 711 2208 interpretandi
740 2149 1001 2201 naturam,
1042 2140 1135 2193 sed
1163 2154 1280 2192 eum
1313 2156 1374 2192 ea
1401 2156 1616 2207 prorsus
1645 2142 1934 2205 convenire.
2007 2143 2060 2193 ⁷.
2097 2134 2229 2195 Nam‘

346 2220 496 2271 sicuti
534 2217 809 2269 methodus
846 2217 1215 2285 interpretandi
1254 2227 1490 2271 naturam
1519 2220 1573 2269 in
1600 2218 2066 2286 hoc-potissimum
2103 2234 2232 2272 eon-

344 2296 509 2358 sistit‚
550 2297 599 2345 in
623 2296 977 2347 concinnanda
998 2296 1192 2349 scilicet
1210 2295 1422 2347 historia
1443 2303 1685 2357 naturae,
1725 2310 1783 2350 cx
1803 2310 1904 2361 qua
1919 2334 1936 2359 ,
1973 2304 2152 2363 utpote
2171 2312 2234 2349 ex

344 2375 494 2424 certis
516 2371 669 2434 datiS‚
695 2386 866 2423 rerum
886 2372 1199 2426 naturalium
1218 2372 1546 2425 definitiones
1563 2372 1954 2427 concludimus:
1981 2376 2058 2426 sic
2077 2376 2232 2426 etiam

344 2450 408 2501 ad
432 2450 745 2516 scripturam
766 2449 1201 2517 interpretandam
1219 2464 1432 2502 necesse
1453 2457 1534 2501 est
1549 2452 1664 2504 eius
1685 2452 1950 2505 sinceram
1967 2451 2232 2503 historiam

346 2528 596 2579 adornare
634 2533 685 2577 et
720 2541 779 2577 ex
819 2540 876 2577 ea
913 2534 1160 2593 tanquam
1188 2542 1247 2580 ex
1277 2528 1430 2579 certis
1457 2527 1592 2580 datis
1621 2536 1672 2579 et
1699 2528 1968 2593 principiis
2006 2537 2232 2580 mentem

347 2613 614 2657 auctorum
648 2604 937 2669 Scripturae
964 2603 1206 2670 legitimis
1236 2606 1622 2671 consequenti-is
1649 2604 1977 2659 concludere.
2049 2604 2106 2657 8.
2147 2606 2231 2656 Sic

347 2684 482 2733 enim
513 2681 877 2747 unusquisque
906 2681 979 2751 (si
1011 2684 1255 2734 nimirum
1285 2682 1426 2735 nulla
1448 2682 1552 2733 alia
1586 2682 1866 2749 principia,
1905 2696 2078 2749 neque
2116 2682 2231 2733 data

346 2758 411 2809 ad
443 2756 870 2827 interpretandam
902 2760 1218 2827 scripturam
1251 2766 1303 2812 et
1329 2759 1394 2811 de
1413 2758 1599 2821 rebus,
1637 2761 1842 2825 quaein
1861 2759 2043 2811 eadam
2061 2760 2242 2810 conti--

350 2842 562 2898 nentur,
603 2836 991 2898 disserendum,
1034 2836 1326 2899 admiserit,
1366 2837 1471 2889 nisi
1502 2851 1562 2889 ea
1583 2836 1970 2898 tautummodo,
2011 2849 2143 2901 quae
2171 2842 2258 2887 οι·-

348 2912 460 2977 ipsa
494 2912 755 2978 Scriptura
784 2913 998 2978 eiusque
1027 2912 1240 2966 historia
1271 2912 1674 2981 depromuntur)
1713 2916 1826 2967 sine
1860 2914 1968 2965 ullo
2001 2912 2232 2979 periculo

350 2988 548 3038 errandi
568 3003 770 3055 semper
790 2991 1032 3055 procedet
1050 2997 1100 3041 et
1118 2991 1182 3042 de
1206 2992 1268 3042 iis
1282 3031 1296 3054 ,
1323 3007 1456 3058 quae
1473 3000 1711 3043 nostrum
1731 2998 1939 3060 captum
1959 2997 2226 3056 superant,

351 3078 515 3131 aeque
544 3077 723 3117 secure
753 3066 1004 3119 disserere
1032 3069 1252 3135 poterit,
1292 3082 1350 3121 ac
1379 3069 1444 3121 de
1473 3069 1568 3136 iis,
1607 3082 1740 3139 quae
1773 3068 1972 3123 lumine
2005 3068 2232 3121 naturali
