2548 3485
370 175 399 233 1
409 175 492 232 24
766 175 1154 222 TRACTATUS
1189 173 1588 222 ’rnssonoelco
1600 202 1624 213 -
1634 177 1841 222 Pomm.

366 369 479 421 cap.
501 354 587 405 33.
625 367 756 405 vers.
780 354 863 406 10.
901 360 954 404 et
985 351 1208 407 Malach.
1241 367 1357 420 cap.
1376 354 1429 406 2.
1469 367 1603 405 vers.
1623 355 1676 405 8.
1765 353 1850 404 89.
1888 353 1958 406 At
1994 356 2238 421 quoniam

367 431 569 484 nullum
598 430 697 483 tale
725 431 1077 482 testimonium
1106 429 1259 482 nobis
1290 429 1594 493 ostendunt,
1636 444 1811 483 eorum
1842 433 2117 484 auctoritas
2145 432 2242 484 ad-

367 507 580 560 modum
609 515 850 574 suspecta
878 514 1076 567 manen
1122 518 1174 560 et
1201 523 1266 559 ne
1298 509 1417 574 quis
1448 508 1675 575 exemplo
1694 507 1951 572 pontificis
1970 508 2241 561 Hebraeo-

366 600 483 639 rum
511 585 756 652 deceptus
788 590 932 651 putet
962 583 1258 650 religionem
1289 582 1599 636 catholicam
1628 586 1778 636 etiam
1810 585 2040 651 indigere
2065 588 2242 652 ponti-

366 662 460 714 fice
474 702 488 723 ‚
519 662 657 713 venit
673 660 955 713 notandum
970 699 985 722 ,
1013 661 1151 727 quod
1171 661 1311 728 leges
1330 662 1496 715 Mosis
1510 699 1523 723 ,
1556 662 1676 727 quia
1697 661 1902 728 publica
1922 663 2033 714 iura
2052 665 2241 729 patriae

367 745 534 801 erant,
574 737 871 803 indigebant
889 738 1205 800 necessario,
1235 743 1296 788 ut
1314 746 1757 801 conservarentur,
1791 741 2086 791 auctoritate
2106 753 2241 804 qua-

367 815 488 868 dam
517 815 746 882 publica.
818 815 875 867 si
901 815 1039 867 enim
1069 815 1433 880 unusquisque
1460 814 1743 866 libertatem
1773 814 1981 868 haberet
2006 818 2118 867 iura
2138 832 2243 884 pu-

367 893 503 947 blica
537 907 596 944 ex
633 906 730 944 suo
765 890 973 943 arbitrio
1009 891 1403 959 interpretandi,
1453 891 1591 942 nulla
1628 890 1917 959 respublica
1954 892 2241 947 subsistere

369 976 576 1036 posset,
614 969 706 1020 sed
728 967 822 1020 hoc
841 968 952 1034 ipso
975 969 1144 1020 statim
1166 967 1529 1020 dissolveretur
1548 969 1697 1020 etius
1718 968 1981 1037 publicum
2001 970 2083 1020 ius
2102 978 2243 1021 esset

367 1047 642 1113 privatum.
717 1045 804 1098 90.
842 1047 914 1096 At
941 1045 1199 1111 religionis
1229 1045 1381 1110 longe
1410 1043 1507 1096 alia
1534 1053 1612 1096 est
1630 1047 1778 1097 ratio.
1849 1047 1979 1098 Nam
2001 1046 2241 1113 quando-

369 1123 580 1189 quidem
600 1123 714 1189 ipsa
733 1137 837 1174 non
858 1123 1037 1174 tamin
1057 1121 1347 1174 actionibus
1376 1124 1618 1184 externiS‚
1660 1137 1817 1188 quam
1846 1124 1897 1174 in
1924 1123 2081 1174 animi
2111 1125 2241 1175 sim—

368 1200 592 1268 plicitate
627 1207 679 1251 et
714 1201 977 1252 veracitate
1013 1199 1273 1261 consistit,
1328 1198 1523 1250 nullius
1560 1199 1689 1250 iuris
1724 1213 1892 1265 neque
1928 1200 2241 1252 auctoritatis

367 1276 608 1344 publicae
635 1283 732 1328 est.
801 1276 980 1329 Animi
1000 1278 1138 1328 enim
1159 1275 1463 1343 simplicitas
1484 1282 1535 1326 et
1552 1276 1793 1328 veracitas
1814 1289 1919 1328 non
1936 1277 2147 1343 imperio
2166 1277 2244 1329 le-

370 1368 522 1420 gum,
555 1366 722 1419 neque
742 1354 1038 1405 auctoritate
1054 1352 1262 1420 publiea
1284 1351 1581 1405 hominibus
1600 1351 1915 1415 infunditur,
1937 1361 1988 1404 et
2006 1351 2243 1406 absolute

371 1444 522 1483 nemo
543 1431 589 1481 vl
609 1438 698 1482 aut
717 1429 916 1495 legibus
936 1437 1105 1496 potest
1125 1432 1265 1496 cogi,
1286 1436 1344 1481 ut
1362 1428 1450 1480 fiat
1468 1428 1649 1480 beatus
1664 1468 1678 1491 ,
1693 1431 1792 1482 -sed
1814 1429 1877 1481 ad
1900 1430 1993 1482 hoc
2013 1431 2239 1496 requiri—

370 1516 455 1560 tur
480 1509 563 1573 pia
591 1513 641 1558 et
669 1506 887 1558 fraterna
919 1507 1158 1566 monitio,
1199 1507 1335 1558 bona
1362 1505 1625 1567 educatio,
1666 1513 1718 1557 et
1745 1521 1901 1573 supra
1928 1509 2098 1558 omnia
2120 1523 2243 1574 pro-

372 1584 541 1653 prium
561 1591 611 1636 et
628 1582 850 1635 liberum
869 1584 1140 1635 iudicium.
1214 1583 1301 1633 91.
1323 1583 1497 1646 Quum
1518 1583 1675 1648 igitur
1693 1597 1959 1635 summum
1976 1586 2061 1636 ius
2082 1584 2243 1636 libere

371 1661 629 1714 sentiendi
653 1661 804 1711 etiam
823 1660 889 1711 de
914 1659 1158 1724 religione
1189 1673 1349 1725 penes
1376 1673 1801 1725 unumquemque
1820 1661 1914 1723 sit,
1956 1676 2051 1712 nec
2079 1663 2244 1728 possit

373 1739 600 1805 concipi,
643 1736 866 1802 aliquem
893 1736 990 1788 hoe
1018 1737 1128 1789 iure
1159 1735 1403 1789 decedere
1432 1750 1584 1803 posse
1602 1776 1615 1798 ,
1658 1737 1754 1787 erit
1772 1752 1889 1803 ergo
1910 1738 2065 1790 etiam
2084 1753 2243 1806 penes

373 1828 801 1880 unumquemque
838 1828 1102 1866 summum
1138 1815 1222 1866 ins
1260 1821 1569 1879 summaque
1604 1815 1879 1866 auctoritas
1908 1816 1971 1867 de
2002 1816 2247 1882 religione

374 1891 530 1944 libere
559 1890 846 1952 iudicandi,
886 1900 938 1941 et
966 1896 1340 1957 consequenter
1357 1890 1574 1942 eandem
1594 1889 1692 1941 sibi
1712 1891 1995 1957 explicandi
2014 1899 2066 1944 et
2084 1894 2247 1943 inter-

375 1968 628 2036 pretandi.
700 1967 786 2021 92.
807 1969 938 2019 Nam
957 1968 1097 2019 nulla
1115 1968 1212 2020 alia
1234 1968 1297 2019 de
1316 1980 1471 2019 causa
1490 1981 1693 2018 summa
1713 1969 1987 2019 auctoritas
2006 1969 2143 2034 leges
2161 1970 2247 2019 in-

376 2044 687 2113 terpretandi
703 2052 753 2095 et
766 2058 1028 2097 summum
1045 2045 1109 2097 de
1125 2042 1281 2097 rebus
1295 2043 1515 2110 publicis
1530 2043 1775 2095 iudicium
1798 2057 1955 2109 penes
1975 2047 2246 2110 magistra-

376 2132 487 2175 tum
516 2128 623 2184 est,
661 2136 820 2189 quam
849 2123 970 2189 quia
1002 2121 1196 2189 publici
1222 2122 1352 2172 iuris
1371 2129 1519 2181 sunt;
1560 2120 1789 2185 adeoque
1808 2119 1985 2171 eadem
2008 2118 2071 2171 de
2090 2134 2245 2172 causa

377 2214 581 2252 summa
615 2201 888 2251 auctoritas
925 2198 1218 2265 religionem
1258 2195 1539 2264 explicandi
1576 2204 1627 2248 et
1663 2196 1728 2248 de
1764 2194 1941 2247 eadem
1984 2196 2246 2247 iudicandi

375 2291 535 2343 penes
562 2290 994 2343 unumquemque
1021 2278 1140 2338 erit,
1181 2274 1377 2327 scilicet
1407 2274 1527 2339 quia
1551 2274 1966 2338 uniuscuiusque
1996 2273 2127 2325 iuris
2145 2281 2243 2325 est.

377 2352 463 2405 93.
499 2354 676 2419 Longe
694 2354 849 2419 igitur
866 2352 1039 2411 abest,
1061 2360 1118 2403 ut
1139 2366 1196 2403 ex
1214 2351 1513 2403 auctoritate
1534 2350 1787 2417 pontificis
1804 2350 2160 2403 Hebraeorum
2180 2352 2245 2403 ad

377 2430 514 2495 leges
552 2430 741 2495 patriae
776 2427 1212 2495 interpretandum
1249 2435 1428 2495 posset
1464 2427 1698 2478 concludi
1734 2429 1954 2479 Romani
1990 2429 2247 2495 pontificis

380 2508 650 2558 auctoritas
695 2505 760 2558 ad
806 2506 1239 2572 interpretandam
1288 2501 1619 2571 religionem;
1686 2518 1851 2569 quum
1898 2512 2069 2557 eontra
2119 2506 2251 2557 hanc

380 2597 806 2649 unumquemque
865 2585 1080 2634 maxime
1133 2581 1345 2643 habere,
1406 2581 1606 2632 facilius
1656 2594 1715 2633 ex
1767 2580 1851 2631 illa
1897 2582 2248 2635 concludatur.

380 2664 466 2714 94.
510 2662 683 2726 Atque
719 2660 870 2711 etiam
907 2659 1028 2711 hinc
1063 2658 1330 2715 ostendere
1365 2671 1647 2725 possumus
1683 2665 1912 2709 nostram
1950 2660 2248 2721 methodum

380 2738 693 2805 scripturam
740 2736 1103 2802 interpretandi
1152 2736 1400 2802 optimam
1448 2748 1584 2786 esse.
1653 2734 1784 2785 Nam
1824 2749 1989 2800 quum
2034 2739 2250 2788 maxima

380 2815 652 2867 auctoritas
675 2813 988 2879 scripturam
1017 2812 1382 2878 interpretandi
1409 2810 1548 2877 apud
1579 2824 2005 2878 unumquemque
2030 2814 2125 2875 sit,
2163 2815 2250 2864 in·-

383 2890 690 2956 terpretandi
721 2904 838 2956 ergo
870 2903 1046 2941 norma
1076 2889 1201 2941 nihil
1231 2888 1383 2941 debet
1420 2902 1537 2939 esse
1574 2898 1774 2955 praeter
1807 2888 1985 2941 lumen
2022 2890 2250 2941 naturale

384 2966 628 3019 omuibus
645 2981 919 3019 commune
932 3006 946 3029 ,
979 2980 1082 3017 non
1102 2966 1268 3017 ullum
1287 2979 1442 3031 supra
1462 2971 1695 3017 naturam
1712 2958 1889 3017 lumen
1904 3006 1917 3027 ,
1946 2980 2116 3031 neque
2144 2965 2250 3017 ulla

385 3050 589 3093 externa
623 3045 924 3105 auctoritas3
963 3058 1066 3095 uon
1096 3044 1247 3095 etlam
1287 3041 1439 3094 debet
1465 3054 1583 3093 esse
1610 3042 1739 3094 adeo
1767 3041 2012 3103 difficilis,
2052 3050 2111 3093 ut
2147 3057 2249 3094 non

385 3119 487 3169 nisi
505 3116 570 3169 ab
589 3121 902 3173 acutissimis
922 3120 1243 3188 philosophis
1263 3119 1411 3186 dirigi
1430 3121 1623 3187 possit,
1662 3118 1757 3173 sed
1785 3119 2001 3172 naturali
2028 3125 2079 3173 et
2107 3134 2252 3173 com-
