2548 3485
308 161 317 174 .
335 122 416 181 68
737 125 1128 171 TRACTATUS
1165 125 1567 171 TnEoLoelco
1579 126 1824 171 -POL1T.

332 303 533 367 ederet,
569 308 624 355 at
651 318 755 354 non
776 304 1137 355 necessitatem
1165 302 1546 354 consecutionis
1573 302 1716 355 illius
1736 302 1875 354 mali.
1946 300 2033 356 27.
2071 300 2219 353 Unde

330 381 524 433 factum
562 388 671 444 est,
708 388 768 432 ut
802 381 1039 433 Adamus
1074 380 1215 431 illam
1250 380 1606 432 revelationem
1636 396 1741 431 non
1778 389 1837 431 ut
1874 388 2134 431 aeternam
2172 386 2224 429 et

331 459 678 510 necessariam
715 460 975 510 veritatem
1012 460 1329 525 perceperit,
1388 458 1483 510 sed
1522 464 1579 508 ut
1612 456 1807 523 legem,
1862 458 1961 508 hoc
1998 463 2103 519 est,
2163 462 2223 505 ut

330 536 658 596 institutum,
716 536 858 601 quod
907 535 1110 586 lucrum
1157 542 1246 587 aut
1282 534 1533 587 damnum
1570 536 1833 600 sequitur,
1873 548 1977 585 non
2024 546 2085 585 ex
2126 547 2224 584 ne·-

331 613 570 664 cessitate
607 619 660 663 et
697 620 882 663 natura
915 613 1132 664 actionis
1167 619 1421 679 patratae,
1478 609 1571 662 sed
1606 625 1666 663 ex
1698 611 1810 661 solo
1846 610 1995 661 libitu
2034 618 2086 662 et
2122 608 2223 661 ab·

329 688 499 740 soluto
535 690 753 756 imperio
787 690 1008 741 alicuius
1045 689 1311 756 principiS.
1384 688 1557 753 Quare
1591 688 1679 739 illa
1715 688 1953 740 revelatio
1980 695 2221 755 respectu

329 765 494 818 solius
531 767 724 821 Adami
757 774 810 817 et
843 772 1053 834 propter
1097 766 1267 818 solum
1319 764 1578 817 defectum
1624 766 1739 817 eius
1788 765 2097 830 cognitionis
2144 764 2223 815 lex

329 843 456 907 fuit,
495 846 746 909 Deusque
775 844 928 909 quasi
963 842 1222 909 legislator
1259 848 1351 893 aut
1388 842 1651 909 princeps.
1724 842 1811 895 28.
1841 842 1910 893 Et
1944 841 2039 892 hac
2066 842 2221 891 etiam

329 918 396 970 de
423 934 606 985 cansa,
646 934 834 987 nempe
863 919 930 972 ob
967 919 1224 971 defectum
1259 919 1600 984 cognitionis,
1640 918 1945 984 decalogus,
1984 924 2223 986 respectu

327 994 690 1049 Hebraeorum
727 1004 956 1059 tantum,
996 996 1075 1049 lex
1112 996 1233 1047 tuit.
1311 996 1445 1049 Nam
1484 996 1732 1061 quoniam
1768 996 1863 1047 Dei
1899 994 2223 1047 existentiam

328 1079 392 1123 ut
426 1081 686 1126 aeternam
721 1075 982 1125 veritatem
1023 1087 1128 1125 non
1165 1079 1443 1135 noverant,
1502 1072 1618 1123 ideo
1654 1073 1707 1123 id
1729 1110 1746 1137 ,
1805 1072 1945 1137 quod
1990 1072 2124 1139 ipsis
2169 1073 2223 1122 in

330 1151 574 1216 decalogo
606 1150 886 1205 revelatum
913 1150 1038 1211 fuit,
1079 1164 1266 1215 nempe
1296 1151 1465 1201 Deum
1497 1150 1712 1201 existere
1738 1151 2012 1214 Deumque
2049 1148 2221 1200 solum

330 1226 654 1280 adorandum
685 1242 832 1289 esse,
870 1236 1114 1294 tanquam
1143 1226 1311 1293 legem
1340 1228 1601 1293 percipere
1638 1226 1954 1287 debuerunt;
1998 1227 2139 1293 quod
2176 1227 2223 1277 si

329 1305 474 1355 Deus
495 1304 654 1356 nullis
673 1305 859 1357 mediis
879 1306 1138 1372 corporeis
1157 1303 1423 1365 adhibitis,
1462 1303 1554 1355 sed
1574 1304 1870 1355 immediate
1889 1304 1953 1355 iis
1972 1303 2222 1369 loquutus

328 1380 546 1444 fuisset,
584 1382 681 1433 hoc
707 1382 884 1449 ipsum
913 1396 1019 1433 non
1051 1388 1298 1449 tanquam
1327 1382 1517 1447 legem,
1560 1380 1653 1433 sed
1680 1388 1927 1447 tanquam
1964 1390 2222 1433 aeternam

327 1460 595 1511 veritatem
633 1461 1005 1527 percepissent.
1093 1458 1181 1511 29.
1234 1457 1411 1524 Atque
1448 1458 1572 1521 boc,
1610 1458 1751 1525 quod
1788 1460 1853 1512 de
1889 1458 2138 1511 Israelitis
2172 1466 2225 1509 et

327 1535 534 1587 Adamo
562 1535 812 1599 dicimus,
853 1536 919 1588 de
945 1534 1192 1587 omnibus
1229 1536 1384 1586 etiam
1422 1536 1713 1602 prophetis,
1755 1539 1845 1602 qui
1881 1538 2091 1588 nomine
2127 1536 2225 1587 Dei

329 1612 472 1677 leges
491 1614 840 1680 scripserunt,
873 1611 1179 1674 dicendum,
1201 1610 1466 1675 videlicet,
1491 1612 1629 1678 quod
1647 1615 1745 1665 Dei
1765 1614 1964 1665 decreta
1996 1629 2101 1665 non
2127 1614 2225 1665 ad-

329 1698 548 1756 aequate
575 1698 637 1741 ut
665 1698 898 1742 aeternas
926 1689 1164 1741 veritates
1193 1697 1551 1757 perceperunt.
1622 1691 1715 1741 Ex.
1736 1707 1813 1758 gr.
1846 1692 1911 1744 de
1940 1693 2055 1758 ipso
2074 1692 2225 1745 Mose

329 1769 486 1818 etiam
522 1767 801 1819 dicendum
841 1776 950 1829 est,
987 1782 1110 1819 eum
1144 1782 1203 1819 ex
1237 1768 1546 1820 revelatione
1579 1768 1657 1820 vel
1698 1784 1756 1820 ex
1794 1768 2142 1822 fundamentis
2176 1769 2222 1820 ei

331 1844 569 1896 revelatis
605 1846 901 1912 percepisse
938 1844 1182 1907 modum,
1233 1860 1339 1912 quo
1380 1846 1605 1913 populus
1642 1846 1957 1898 Israeliticus
1994 1846 2049 1897 in
2088 1853 2226 1897 certa

327 1921 516 1972 mundi
543 1922 691 1989 plaga
723 1924 916 1988 optime
945 1923 1078 1974 uniri
1106 1931 1309 1990 posset,
1350 1931 1401 1974 et
1417 1925 1667 1989 integram
1690 1925 1985 1975 societatem
2004 1921 2224 1974 formare

329 1999 438 2050 sive
465 2000 744 2066 imperium
771 2001 998 2066 erigere;
1037 2001 1226 2052 deinde
1259 2002 1415 2052 etiam
1452 2001 1697 2063 modum,
1736 2015 1839 2066 quo
1875 1999 1960 2051 ille
1995 2000 2223 2066 populus

329 2077 525 2142 optime
553 2084 736 2143 posset
757 2079 871 2143 cogi
891 2078 956 2129 ad
975 2076 1324 2130 obediendum
1346 2119 1361 2140 ‚
1400 2078 1496 2130 sed
1516 2093 1619 2130 non
1635 2079 1959 2145 percepisse,
2002 2091 2095 2128 nec
2124 2077 2223 2142 ipsi

328 2153 612 2206 revelatum
633 2154 814 2217 fuisse,
855 2154 1072 2206 modum
1093 2155 1242 2206 illum
1261 2157 1518 2221 optimum
1540 2170 1673 2218 esse,
1698 2168 1865 2219 neque
1886 2156 2058 2217 etiam,
2082 2151 2223 2220 quod

331 2245 392 2282 ex
419 2232 599 2298 populi
627 2233 892 2283 communi
921 2231 1214 2284 obedientia
1241 2234 1295 2283 in
1325 2231 1411 2283 tali
1442 2233 1623 2284 mundi
1651 2233 1797 2299 plaga
1826 2232 2113 2283 necessario
2134 2243 2224 2282 se-

331 2316 580 2373 queretur
615 2323 835 2375 scopus,
877 2308 941 2360 ad
979 2324 1135 2376 quem
1173 2307 1524 2360 collimabant.
1614 2309 1699 2362 30.
1740 2310 2064 2374 Quapropter
2097 2307 2224 2360 baec

331 2386 507 2436 omnia
534 2400 638 2437 non
664 2393 725 2437 ut
753 2394 984 2437 aeternas
1004 2387 1236 2438 veritates
1252 2425 1268 2446 ,
1306 2385 1398 2437 sed
1419 2393 1478 2436 nt
1495 2393 1765 2453 praecepta
1782 2394 1834 2438 et
1852 2385 2085 2439 instituta
2103 2399 2227 2452 per-

331 2462 493 2528 cepit,
534 2469 585 2513 et
613 2471 856 2528 tanquam
886 2464 983 2514 Dei
1011 2463 1150 2530 leges
1179 2464 1538 2530 praescripsit:
1578 2470 1629 2513 et
1654 2462 1773 2514 hinc
1800 2463 1994 2515 factum
2022 2469 2126 2524 est,
2168 2469 2227 2512 ut

329 2539 500 2590 Deum
521 2546 768 2591 rectorem
783 2579 798 2603 ,
831 2540 1176 2607 legislatorem
1193 2579 1206 2603 ,
1238 2554 1412 2606 regem
1427 2578 1441 2602 ,
1464 2540 1847 2591 misericordem
1864 2579 1879 2604 ,
1902 2541 2099 2592 iustum
2122 2547 2221 2591 etc.

327 2617 726 2683 imaginaretur,
765 2633 930 2682 quum
959 2624 1130 2670 tamem
1161 2617 1285 2669 baec
1316 2618 1485 2668 omnia
1518 2617 1681 2668 solius
1714 2617 1973 2669 humanae
2011 2624 2223 2668 naturae

330 2695 440 2745 sint
459 2692 701 2745 attributa
729 2704 780 2745 et
811 2709 840 2744 a
866 2701 1049 2747 natura
1081 2695 1253 2748 divina
1284 2707 1499 2760 prorsus
1526 2694 1852 2746 removenda.
1924 2696 2099 2762 Atque
2128 2693 2225 2745 hoc

329 2771 547 2836 inquam
576 2770 641 2822 de
668 2771 795 2822 solis
822 2771 1088 2838 prophetis
1115 2771 1427 2837 dicendum,
1469 2774 1559 2838 qui
1584 2774 1797 2824 nomine
1812 2773 1909 2824 Dei
1930 2773 2070 2838 leges
2090 2772 2224 2824 scri·-

328 2855 566 2912 pserunt,
590 2861 696 2900 non
715 2856 888 2900 antem
913 2848 977 2900 de
999 2849 1224 2901 Christo.
1296 2847 1384 2901 31.
1419 2851 1498 2901 Be
1516 2849 1721 2902 Christo
1742 2852 1899 2913 enim,
1923 2851 2156 2915 quamvls
2175 2849 2223 2900 is

331 2924 487 2972 etiam
509 2925 738 2976 videatur
755 2925 894 2993 leges
913 2927 1008 2977 Dei
1029 2927 1236 2977 nomine
1256 2926 1551 2992 scripsisse,
1575 2927 1907 2979 sentiendum
1927 2935 2096 2979 tamen
2120 2935 2220 2990 est,

331 3011 453 3047 eum
475 3013 556 3049 res
575 3013 690 3052 vere
709 3010 761 3054 et
781 3005 1064 3070 adaequate
1087 3005 1400 3072 percepisse.
1472 3005 1605 3058 Nam
1625 3004 1809 3056 Chris
1823 3012 1923 3055 tas
1950 3017 2074 3054 non
2102 3010 2224 3055 tam

331 3074 676 3142 propheta,
709 3093 892 3148 qnam
919 3095 990 3134 os
1013 3081 1130 3137 Dei
1157 3081 1320 3138 fuit..
1362 3082 1507 3138 Deus
1528 3083 1665 3137 enim
1683 3096 1777 3150 per
1792 3087 2019 3136 mentem
2040 3079 2218 3132 Christ
