2548 3485
964 182 971 189 ’
1074 195 1212 240 cat».
1264 193 1401 240 xvl.
2056 174 2180 249 '213

296 387 479 428 rervm
512 376 619 433 θείς
659 378 711 424 et
745 370 891 424 solus
926 370 1015 424 iile
1048 372 1214 435 tiber,
1254 373 1346 439 qui
1376 373 1576 439 integro
1603 372 1775 424 animo
1802 386 1861 423 ex
1887 370 1999 423 eolo
2027 369 2186 423 ductu
2235 422 2242 429 ,

298 449 512 501 rationis
532 440 670 501 vivit.
744 449 831 501 33.
868 449 1019 501 Actio
1038 457 1211 501 autem
1241 464 1300 501 ex
1331 450 1600 512 mandato,
1640 448 1738 501 boc
1765 455 1844 501 est
1870 447 2182 512 obedientia,

299 518 593 579 libertatem
622 525 833 593 quidem
862 525 1035 593 aliquo
1064 526 1223 579 modo
1246 527 1402 588 tollit;
1443 533 1494 578 at
1514 541 1618 579 non
1647 526 1783 578 illico
1809 541 2014 579 servum
2045 526 2184 589 facit,

301 604 395 656 sed
431 605 647 655 actionis
685 604 834 655 ratio.
906 605 961 656 si
998 603 1117 656 finis
1144 604 1360 657 actionis
1389 617 1495 655 non
1524 600 1604 655 e'st
1631 605 1798 670 ipsius
1825 604 2052 669 agentis,
2094 601 2186 654 sed

301 682 600 747 imperantis
630 679 855 743 utilitas„
894 686 1005 733 tum
1035 695 1395 746 agens-servm
1415 680 1681 733 estetsibi
1701 680 1920 733 inutilis·
1994 681 2080 732 34.
2118 678 2190 731 At

301 756 355 809 in
381 757 647 825 republica
676 765 727 808 et
752 759 997 825 imperio,
1039 757 1129 809 ubi
1149 751 1294 809 salus
1313 759 1472 810 totius
1491 758 1700 825 populi,
1739 772 1844 810 non
1865 758 2186 825 imperantis„

302 848 509 887 summa
546 836 626 887 lex
662 842 770 897 est,
810 837 900 901 qui
928 836 982 886 in
1015 835 1261 888 omnibus
1297 849 1535 887 summae
1570 836 1812 903 potestati
1847 834 2187 900 obtemperat,

303 926 420 974 non
446 910 546 963 sibi
582 912 1032 975 inutilisservuS,
1090 912 1182 964 sed
1228 911 1470 963 subditus
1506 912 1778 964 dicendus.
1849 912 1916 963 Et
1953 910 2078 963 ideo·
2104 910 2192 964 illa

304 987 598 1054 respublica
635 990 851 1040 maxime
886 987 1045 1041 libera
1076 995 1185 1053 est,
1223 990 1372 1040 euius
1400 987 1544 1054 leges
1572 1002 1698 1041 sana
1727 989 1922 1041 ratione
1951 987 2191 1041 fundatae

303 1072 452 1126 sunu
498 1062 571 1117 ibi
609 1066 746 1117 enim
784 1067 1184 1133 unusquisque,
1208 1064 1316 1135 =ubi
1354 1066 1501 1129 velit,
1541 1064 1676 1117 liber
1709 1080 1824 1119 esse
1860 1071 2058 1133 potest,
2094 1064 2194 1115 hoc

305 1149 405 1203 est,
433 1142 633 1208 integro
652 1145 902 1196 animo'ex
922 1141 1079 1195 ductu
1103 1143 1313 1195 rationis
1331 1144 1579 1207 vivere*).
1630 1144 1717 1195 35.
1747 1143 1831 1193 Sic
1849 1144 2004 1194 etiam
2024 1140 2188 1203 liberi,

307 1219 514 1269 tametsi
534 1220 778 1272 omnibus
799 1227 1070 1287 parentum
1092 1219 1350 1272 mandatis
1369 1218 1578 1271 obedire
1600 1226 1864 1291 tenentur,
1897 1225 2192 1271 nontamen

306 1295 443 1347 servi
470 1303 621 1358 sunt3
664 1311 782 1347 nam
811 1305 1085 1363 parentum
1114 1297 1356 1356 mandata
1375 1296 1657 1349 liberorum
1679 1298 1954 1363 utilitatem
1973 1299 2193 1347 maxime

306 1378 561 1439 spectant.
609 1375 848 1440 Magnam
870 1389 989 1440 ergo
1014 1374 1352 1426 differentiam
1373 1376 1505 1426 inter
1522 1389 1753 1438 servum,
1795 1373 1956 1425 filium
1988 1380 2038 1424 et
2065 1370 2196 1423 sub-
2275 1414 2290 1427 .

308 1449 476 1501 ditum
496 1454 847 1515 agnoscimus.
898 1452 1002 1515 Qui
1023 1455 1303 1517 propterea
1316 1452 1392 1503 sic
1410 1450 1745 1515 definiuntur,
1771 1465 1988 1516 nempe:
2015 1464 2196 1500 servus

308 1532 415 1587 est,
464 1528 556 1591 qui
593 1527 851 1579 mandatis
888 1527 1115 1591 domini,
1176 1542 1310 1594 quae
1345 1530 1620 1581 utilitatem
1658 1529 1964 1596 imperantis
1995 1522 2196 1578 tantu‘m

310 1611 573 1671 spectant,
612 1602 969 1671 obtemperare
1005 1610 1233 1666 tenetur3
1266 1604 1428 1672 filius
1453 1614 1657 1668 autem,
1695 1607 1786 1673 qui
1823 1600 1877 1657 id
1918 1604 2056 1672 quod
2077 1603 2200 1667 sibi

311 1681 435 1732 utile
452 1688 533 1732 est
550 1695 609 1733 ex
630 1680 871 1732 mandato
890 1683 1119 1748 parentis
1141 1682 1269 1750 agiu
1311 1684 1550 1735 subditus
1570 1683 1821 1750 denique,
1861 1682 1950 1751 qui
1977 1682 2029 1734 id
2056 1679 2212 1755 quod·

310 1760 601 1821 communi,
648 1767 700 1812 et
736 1766 1113 1824 consequenter
1151 1774 1360 1826 quoque
1397 1761 1501 1814 sibi
1541 1761 1666 1813 utile
1703 1769 1810 1824 est,
1862 1775 1920 1813 ex
1957 1759 2199 1812 mandato

311 1848 547 1886 summae
577 1828 846 1902 potestatis
875 1837 997 1902 agit.
1072 1837 1156 1889 36.
1195 1838 1367 1904 Atque
1397 1838 1480 1890 his
1505 1838 1705 1905 imperii
1733 1837 2058 1890 democratici
2077 1837 2201 1888 i'un-

314 1911 552 1962 damenta
580 1915 707 1964 satis
736 1912 869 1964 clare
894 1913 1186 1964 ostendisse
1214 1921 1372 1980 put03
1412 1915 1475 1966 de
1507 1930 1611 1981 quo
1643 1930 1763 1983 prae
1788 1915 2032 1967 omnibus
2050 1927 2200 1981 agere

315 1985 501 2050 malui,
542 1990 662 2054 quia
690 1991 907 2042 maxime
939 1990 1173 2042 naturale
1200 1990 1472 2042 videbatur
1499 2000 1548 2044 et
1567 1994 1784 2044 maxime
1802 1992 1866 2043 ad
1889 1991 2197 2051 libertatem,

317 2079 474 2131 quern
496 2072 677 2116 natura
696 2067 981 2133 unicuique
1000 2066 1236 2119 concedit
1250 2107 1263 2130 ‚
1305 2069 1566 2120 accedere.
1635 2070 1766 2120 Nam
1787 2069 1842 2120 in
1863 2083 1924 2122 eo
1943 2081 2095 2120 nemo
2114 2067 2200 2118 ius

312 2157 467 2193 suum
499 2143 727 2195 naturaie
758 2145 827 2195 ita
855 2145 908 2196 in
938 2144 1157 2196 alterum
1191 2144 1459 2205 transfert,
1500 2152 1558 2196 ut
1576 2145 1713 2196 nulla
1735 2145 1836 2196 sibi
1855 2147 1906 2197 in
1937 2149 2198 2212 posterum

314 2219 621 2272 consultatio
640 2221 708 2272 sit
716 2258 742 2286 ,.
776 2213 940 2286 sedin
962 2223 1207 2273 maiorem
1228 2223 1386 2274 totins
1405 2223 1664 2273 societatis
1684 2229 1906 2289 partem,
1941 2221 2096 2273 cuius
2113 2219 2200 2272 ille

256 2351 265 2358 ,
314 2311 473 2348 unam
499 2297 646 2358 facit3
687 2305 843 2364 atque
871 2296 969 2349 hac
1001 2300 1198 2350 ratione
1224 2312 1407 2350 omnes
1436 2305 1674 2360 manent,
1711 2306 1771 2351 ut
1797 2305 1944 2350 antea
1971 2300 2024 2350 in
2063 2302 2202 2350 statu

316 2373 562 2435 naturali,
585 2373 862 2440 aequales·
937 2374 1022 2426 37.
1059 2377 1261 2428 Deinde
1291 2376 1357 2427 de
1384 2375 1480 2427 boc
1510 2376 1622 2427 solo
1647 2377 1862 2444 imperio
1889 2390 1948 2427 ex
1967 2375 2201 2447 professo

316 2464 463 2515 agere
479 2450 635 2514 volui,
670 2453 790 2518 quia
808 2451 875 2503 ad
892 2451 1069 2504 meum
1094 2454 1352 2504 intentum
1375 2453 1593 2505 maxime
1612 2452 1752 2516 facit,
1789 2455 1881 2520 qui
1902 2454 1966 2507 de
1987 2453 2202 2505 utilitate

302 2526 565 2580 'libertatis
585 2529 639 2579 in·
657 2527 921 2596 republica
949 2544 1099 2596 agere
1127 2532 1514 2583 constitueram.
1586 2531 1926 2598 Reliquamm
1955 2545 2074 2597 ergo
2103 2544 2203 2597 po·-

319 2610 563 2656 testatum
614 2603 966 2659 fundamentis
1012 2607 1356 2675 supersedeo,
1422 2621 1517 2660 nec
1560 2607 1740 2671 nobis,
1795 2617 1855 2663 ut
1896 2623 2073 2662 earum
2117 2608 2202 2658 ius

418 2791 461 2844 ⁸)
490 2789 544 2834 In
572 2801 871 2850 quacumque
897 2765 1083 2838 civitate
1110 2792 1253 2838 bomo
1278 2793 1364 2850 sit,
1400 2792 1523 2839 liber
1559 2807 1665 2841 esse
1699 2799 1867 2850 potest.
1920 2792 2040 2837 Nam
2075 2797 2203 2836 certe

318 2849 460 2894 bomo
482 2854 676 2896 eatenus
696 2849 819 2897 liber
836 2865 941 2898 esse
960 2858 1136 2909 potest,
1166 2858 1397 2910 quatenus
1417 2855 1598 2899 ratione
1616 2854 1816 2898 ducitur.
1859 2853 1918 2896 At
1934 2849 2046 2899 (NB.
2066 2849 2203 2896 aliter

317 2908 611 2964 flobbesius)
647 2913 767 2956 ratio
804 2923 969 2967 pacem
1006 2912 1197 2957 omnino
1234 2912 1426 2968 suadet·
1470 2913 1586 2958 baec
1614 2919 1770 2957 autem
1790 2909 1990 2956 obtineri
2020 2911 2200 2968 nequit,

316 2969 406 3014 nisi
426 2971 696 3016 communia
714 2971 925 3017 civitatis
932 2972 1034 3017 iura
1054 2970 1272 3017 inviolata
1292 2978 1549 3018 serventur.
1601 2972 1727 3040 Ergo
1745 2983 1840 3032 quo
1860 2970 2002 3016 bomo
2019 2971 2202 3016 ratione

320 3029 468 3098 magis
489 3028 703 3087 ducitur,
734 3031 779 3075 id
800 3038 895 3087 est,
924 3043 1018 3090 quo
1038 3032 1187 3089 magis
1209 3039 1281 3077 est
1300 3031 1444 3087 liber,
1475 3042 1530 3075 eo
1550 3031 1699 3087 magia
1719 3025 1986 3075 constanter
2003 3030 2199 3076 civitatis

320 3088 421 3134 iura
451 3089 658 3134 servabit
686 3095 732 3134 et
758 3102 973 3136 summae
1000 3091 1243 3147 potestatis
1270 3091 1518 3145 mandata,
1548 3090 1682 3136 euius
1701 3089 1917 3136 subditus
1939 3094 2034 3147 eat,
2063 3101 2200 3136 exae-

322 3153 505 3204 quetur.
562 3145 649 3204 Sp·
706 3149 853 3204 (Haec
868 3157 979 3196 nota
999 3150 1131 3204 deest
1149 3151 1271 3208 apud
1293 3149 1436 3203 Gall.)
