2548 3485
349 123 474 187 250
747 128 1136 177 TRACTATUS
1173 130 1573 177 'simomaco
1586 159 1610 169 -
1619 132 1829 177 Pomm

349 305 422 356 At
455 319 518 357 eo
555 304 758 359 sublato
793 306 922 359 nihil
959 308 1134 361 minus
1167 308 1338 361 fecere
1364 309 1559 375 potnit,
1598 322 1757 373 quam
1780 307 1999 361 formam
2028 306 2233 374 imperii

347 390 570 435 mutare.
639 382 744 435 Sed
780 391 902 449 post
935 386 1160 439 multum
1197 386 1511 451 sanguinem
1536 384 1763 437 effusum
1789 385 1893 439 huc
1928 391 2232 453 perventum

346 465 454 521 est,
493 468 554 513 ut
577 474 742 513 novus
770 460 1045 514 monarcha
1073 463 1172 515 nlio
1192 464 1400 515 nomine
1420 462 1723 515 salutaretur
1740 462 1923 531 (qussi
1943 469 2048 515 tota
2068 476 2233 528 quae-

346 537 448 589 stio
476 536 542 587 de
565 537 680 589 solo
707 539 918 591 nomine
947 539 1189 609 fuisset),
1231 542 1326 607 qui
1344 540 1485 592 nulla
1503 540 1699 591 ratione
1719 541 1993 605 persistere
2012 547 2230 606 poterat,

345 614 448 665 nisi
475 616 690 681 stirpem
709 616 906 681 regiam
923 618 1130 684 penitus
1147 617 1368 670 delendo
1382 656 1395 679 ,
1431 618 1565 682 regis
1582 617 1779 670 amicos
1794 618 1875 670 vel
1892 616 2119 670 amicitia
2136 630 2233 667 su-

347 699 552 757 spectos
571 692 801 744 necando
815 731 831 756 ,
863 701 914 745 et
939 698 1100 749 otium
1122 697 1262 761 pacis
1274 732 1291 760 ‚
1324 693 1623 747 rumoribus
1642 702 1847 761 aptum,
1878 693 2017 747 bello
2034 693 2236 745 distur-

345 768 544 831 bando,
584 776 642 822 ut
675 768 826 835 plebs
859 773 1009 825 novis
1040 772 1198 825 rebus
1225 780 1473 837 occupate
1500 778 1553 824 et
1578 772 1777 824 intenta
1804 773 2139 837 cogitationes
2170 771 2235 824 de

346 846 504 899 caede
531 847 671 911 regis
691 846 792 898 alio
815 848 1105 903 diverteret.
1178 851 1264 902 34.
1304 850 1433 901 Sero
1452 849 1609 915 igitur
1629 848 1989 903 animadvertit
2006 848 2235 915 populus

345 938 405 977 se
435 938 528 992 pro
552 924 722 977 salute
751 926 942 992 patriae
969 927 1091 977 nihi!
1121 925 1262 979 aliud
1290 927 1507 988 fecisse,
1548 940 1707 992 quam
1735 927 1820 979 ius
1849 926 2061 991 legitimi
2098 926 2236 992 regis

345 1001 533 1055 violare
562 1015 751 1067 resque
777 1016 961 1055 omnes
989 1005 1040 1055 in
1063 1004 1293 1070 peiorem
1324 1011 1515 1056 statum
1544 1010 1765 1056 mutare.
1838 1004 1974 1069 Ergo
1992 1002 2232 1070 gradum,

347 1078 440 1130 ubi
458 1078 625 1139 licuit,
666 1092 899 1131 revocare
931 1080 1181 1143 decrevit,
1222 1094 1317 1132 nec
1346 1080 1566 1146 quievit,
1608 1080 1773 1133 donec
1792 1082 1965 1133 omnin
1983 1082 2037 1132 in
2056 1081 2233 1147 pristi-

347 1171 474 1208 num
503 1170 660 1208 suum
690 1162 884 1207 statum
912 1164 1195 1210 restaurata
1225 1158 1443 1226 viditl).
1516 1160 1601 1211 35.
1637 1156 1713 1209 At
1740 1156 1917 1209 forsan
1938 1158 2125 1225 aliquis
2144 1172 2235 1209 ex·-

347 1232 516 1299 emplo
553 1234 730 1299 populi
769 1235 993 1285 Romani
1029 1233 1263 1297 obiiciet,
1303 1236 1558 1302 populum
1596 1235 1743 1287 facile
1768 1248 1923 1301 posse
1958 1242 2232 1302 tyrannum

351 1304 380 1361 e
415 1310 588 1361 medio
619 1311 798 1363 toliere
810 1310 887 1379 ²).
963 1312 1065 1363 Sed
1087 1326 1181 1377 ego
1209 1312 1393 1364 eodem
1426 1321 1653 1366 nostram
1682 1313 1990 1364 sententiam
2020 1314 2231 1363 omnino

349 1386 640 1439 confirmari
667 1389 924 1440 existimo.
993 1390 1125 1441 Nem
1147 1391 1385 1455 quamvis
1406 1389 1629 1456 populus
1644 1391 1913 1441 Romanus
1932 1389 2083 1456 longe
2103 1389 2234 1441 faci-

346 1464 450 1516 lius
477 1472 750 1531 tyrannum
781 1480 810 1517 e
838 1466 1010 1517 medio
1038 1467 1216 1519 tollere
1244 1472 1297 1517 et
1315 1466 1533 1518 formem
1548 1467 1750 1533 imperii
1772 1472 1970 1518 mutare
1990 1467 2228 1532 potuerit,

346 1549 618 1609 propterea
654 1540 795 1608 quod
831 1543 918 1593 ius
957 1556 1128 1608 regem
1165 1543 1387 1608 eiusque
1424 1556 1779 1595 successorem
1816 1538 2034 1609 eligendi
2073 1557 2236 1609 penes

347 1620 518 1684 ipsum
541 1619 794 1685 populum
823 1625 949 1683 erat,
963 1627 1022 1688 pt
1040 1618 1180 1686 quod
1200 1620 1330 1685 ipse,
1364 1626 1540 1686 utpote
1574 1634 1633 1672 ex
1656 1620 1921 1672 seditiosis
1938 1626 1991 1671 et
2009 1619 2238 1685 flagitio-

343 1696 420 1748 sis
454 1694 756 1748 hominibus
793 1696 1074 1759 conflatus,
1125 1694 1357 1748 nondum
1409 1696 1615 1763 regibus
1654 1696 1861 1750 obedire
1899 1702 2235 1750 consueverat

351 1771 499 1839 (nam
519 1787 578 1825 ex
598 1787 714 1834 sex,
744 1787 879 1838 quos
898 1780 1046 1825 anteo
1066 1773 1342 1836 habuerat,
1375 1780 1479 1826 tres
1502 1774 1877 1843 interfecerat);
1916 1782 2089 1829 temen
2108 1772 2237 1824 nihil

348 1848 490 1900 aliud
518 1848 666 1912 iecit,
707 1863 865 1915 quam
893 1849 1010 1902 loco
1041 1849 1198 1903 unius
1227 1851 1403 1918 plures
1430 1859 1673 1918 tyrannos
1700 1853 1914 1919 eligere,
1952 1852 2041 1918 qui
2060 1852 2236 1917 ipsum

347 1933 554 1978 externo
581 1933 633 1980 et
649 1927 852 1979 interno
872 1925 1010 1984 bello
1031 1929 1218 1980 misere
1236 1927 1536 1982 conflictum
1551 1943 1759 1997 semper
1773 1927 2067 1981 habuerunt
2083 1967 2097 1990 ‚
2136 1927 2235 1978 do-

347 2018 442 2056 nec
471 2004 675 2057 tandem
703 2004 980 2072 imperium
1006 2005 1195 2058 iterum
1221 2006 1276 2058 in
1306 2006 1661 2068 monarcham,
1702 2013 1907 2058 mutato
1938 2007 2087 2056 etiam
2120 2011 2237 2056 tan-

348 2089 488 2143 tum,
529 2083 656 2134 utin
676 2082 886 2147 Angiis‚
929 2083 1167 2144 nomine,
1197 2084 1373 2134 cessit.
1446 2084 1532 2136 36.
1574 2083 1725 2146 Quod
1751 2089 1923 2136 sutem
1944 2082 2007 2134 ed
2028 2082 2235 2132 ordines

346 2159 654 2212 Hoilandiee
676 2160 880 2219 attinet,
909 2158 966 2210 hi
985 2174 1272 2226 numquam
1289 2199 1302 2221 ,
1335 2159 1475 2225 quod
1496 2161 1693 2212 scimus
1711 2198 1724 2218 ‚
1758 2174 1901 2225 reges
1922 2157 2232 2217 habuerunt,

345 2237 438 2288 sed
458 2237 694 2299 comites,
716 2239 770 2289 in
791 2252 924 2303 quos
943 2251 1229 2303 numquam
1251 2238 1335 2288 ius
1354 2237 1555 2302 imperii
1574 2237 1885 2288 translatum
1906 2236 2023 2287 fuit.
2076 2237 2231 2296 Nam,

347 2323 405 2364 ut
439 2315 539 2379 ipsi
578 2321 940 2381 praepotentes
977 2313 1184 2366 ordines
1218 2312 1529 2366 Hollsndiae
1556 2314 1609 2365 in
1637 2313 1964 2375 inductione,
2003 2319 2236 2379 tempore

347 2392 552 2442 comitis
569 2393 887 2458 Leycestriee
906 2391 972 2443 ab
992 2392 1121 2457 ipsis
1143 2390 1347 2455 editss)
1362 2429 1376 2451 ‚
1400 2390 1570 2456 palam
1590 2391 1817 2454 faciunt,
1835 2389 1935 2442 sibi
1956 2391 2237 2442 auctorite-

348 2476 452 2520 tem
477 2482 682 2534 semper
708 2462 1096 2520 reservaverunt
1121 2467 1186 2518 ad
1214 2467 1422 2518 eosdem
1450 2468 1663 2519 comites
1700 2470 1785 2520 sui
1826 2468 1975 2520 officii
2013 2481 2237 2520 monen-

349 2546 472 2597 dum
487 2584 502 2607 ,
542 2553 593 2596 et
613 2551 919 2610 potestatem
939 2543 1043 2596 sibi
1065 2545 1387 2596 retinuerunt
1406 2544 1470 2597 ad
1491 2545 1622 2596 bane
1642 2559 1789 2597 suum
1812 2543 2165 2597 auctoritatem
2184 2552 2237 2595 et

347 2625 534 2675 civium
555 2621 842 2674 libertatem
863 2618 1267 2684 defendendum,
1304 2635 1523 2688 seseque
1545 2622 1607 2673 de
1627 2620 1831 2683 iisdem,
1855 2626 1899 2672 si
1921 2623 1973 2673 in
1994 2630 2236 2686 tyrannos

345 2700 742 2767 degenerarent,
781 2698 1148 2752 vindicandum
1181 2704 1236 2750 et
1267 2713 1358 2750 eos
1394 2699 1466 2750 ita
1492 2697 1850 2761 retinendum,
1887 2706 1949 2750 ut
1976 2698 2102 2751 nihil
2132 2698 2237 2748 nisi

451 2913 496 2963 1)
523 2910 622 2954 Vid.
645 2909 800 2956 Caroli
822 2912 880 2966 1.‚
901 2909 1184 2967 Gromveuii,
1207 2909 1361 2955 Caroli
1375 2911 1437 2955 11.
1452 2909 1669 2956 historias
1690 2910 1813 2965 apud
1823 2910 2033 2956 Rotteck.
2046 2908 2234 2966 allgem.

350 2968 518 3014 Gesch.
541 2976 653 3014 tom.
676 2971 776 3015 VII.
799 2983 903 3027 cap.
921 2973 962 3014 ⁶.
985 2971 1023 3022 §.
1045 2973 1112 3014 34.
1133 2983 1238 3028 sqq.
1259 2977 1375 3014 tom.
1398 2969 1524 3014 vm.
1546 2981 1647 3025 cap.
1668 2973 1708 3013 3.
1731 2971 1771 3021 §-
1792 2972 1833 3012 3.
1855 2982 1959 3028 sqq.

449 3031 493 3076 2)
521 3028 621 3071 vid.
644 3027 756 3073 Livii
778 3032 886 3076 hist.
908 3032 947 3086 1,
966 3032 1032 3073 60.
1055 3031 1120 3082 11,
1142 3035 1181 3072 ι.
1202 3041 1307 3086 sqq.

451 3087 496 3136 3)
525 3087 625 3130 Vid.
648 3089 858 3134 Rotteck.
879 3089 1067 3145 allgem.
1091 3088 1260 3134 Gesch.
1285 3097 1397 3135 tom.
1420 3088 1521 3135 vn.
1542 3101 1645 3146 esp.
1666 3093 1705 3134 5.
1727 3093 1769 3144 s.
1789 3092 1854 3134 ιο.
