2548 3485
986 189 991 195 ·
1097 183 1235 233 cat».
1288 176 1379 232 xr.
2060 177 2180 238 173

303 365 654 417 auctoritatem
683 363 902 416 docendi
930 367 979 415 et
997 363 1240 416 monendi
1263 377 1320 415 ea
1344 363 1419 416 via
1434 403 1447 425 ,
1488 353 1641 430 qu'am
1662 361 2025 430 unusquisque
2048 364 2184 430 opti-

301 452 439 494 mam
469 447 586 493 esse
612 441 884 502 iudicaret:
925 442 1064 508 quod
1095 449 1375 507 utrumque
1402 439 1595 492 donum
1626 440 1818 493 Paulus
1856 442 1907 492 ln
1936 441 2086 508 epist.
2118 439 2183 492 ad

301 519 524 570 Tim-oth.
546 521 600 573 2.
621 530 737 586 cap.
765 521 813 571 1.
837 531 968 570 vers.
994 519 1078 571 11.
1102 517 1233 569 clare
1252 519 1334 570 his
1355 519 1575 570 indicat:
1613 521 1669 569 in
1687 529 1789 586 quo
1812 533 1911 584 ego
1931 518 2183 568 constitu-

303 602 390 647 tm
415 609 532 647 sum
549 609 750 662 praeeo
778 601 833 648 et
858 596 1128 663 apostolus
1145 601 1200 646 et
1217 595 1404 647 doctor·
1418 596 1689 662 gentt'um5
1726 596 1848 646 etin
1869 587 1915 646 1.
1936 594 2001 647 ad
2022 593 2182 646 eund.

303 685 418 740 cap.
440 673 492 726 2.
525 685 659 724 vers·
681 673 764 724 ⁷.=
806 677 958 724 cuim
984 675 1300 724 constitutus
1324 687 1441 724 sum
1470 689 1571 738 ego
1590 688 1789 741 praeco
1827 677 1881 724 et
1918 671 2187 740 apostolus

305 750 614 816 (veritatem
631 750 753 802 dico
766 767 868 822 per
885 749 1168 812 Olenacum,
1187 764 1293 801 non
1308 751 1581 817 mentior),
1607 751 1793 801 doctor
1806 750 2047 816 gentium
2067 763 2187 800 cum

288 827 406 894 fido
425 827 592 896 (NB.)
615 841 680 878 ac
698 830 942 878 varitate.
1018 825 1100 880 17.
1140 829 1265 892 His,
1292 829 1531 893 inquam,
1554 827 1686 880 clare
1706 828 1979 893 utramque
1998 838 2187 894 appro-

305 904 566 956 bationem
597 913 784 972 nempe
813 905 1129 972 apostolatus
1151 912 1201 956 et
1221 904 1515 956 doctoratus
1534 904 1743 956 indicat.
1816 903 1887 956 At
1906 904 2187 955 auctorita-

305 989 406 1032 tem
437 983 708 1043 monendi,
749 995 1114 1048 quemcunque
1143 984 1194 1033 et
1223 980 1657 1048 quandocumque
1677 979 1920 1043 voluerit,
1956 983 2009 1032 in
2031 981 2184 1047 epist.

307 1058 368 1108 ad
390 1059 612 1110 Philem.
631 1073 762 1110 vers·
787 1059 838 1110 8.
860 1059 942 1110 his
961 1059 1240 1126 significatz
1282 1059 1532 1124 Quamvis
1558 1059 1779 1110 multam
1804 1061 1862 1109 in
1882 1057 2088 1110 Christo
2119 1057 2189 1107 12·-

307 1138 564 1186 bertatam
581 1137 804 1187 habeam
816 1137 1187 1204 praecipiendi
1205 1137 1327 1200 tibi,
1364 1137 1509 1204 quod
1526 1139 1797 1188 conveniet
1811 1175 1826 1199 ,
1858 1140 2033 1187 tamen
2052 1137 2187 1197 θέας
2258 1143 2266 1150 ·

305 1211 396 1264 ubi
415 1213 702 1264 notandum
719 1251 732 1274 ‚
775 1214 916 1278 quod
937 1215 981 1264 si
1003 1229 1060 1265 ea
1077 1255 1090 1276 ,
1131 1227 1264 1279 quae
1282 1212 1571 1266 Philemoni
1592 1214 1882 1280 praecipere
1902 1209 2185 1279 oportebat,

306 1289 504 1341 Paulus
530 1287 590 1341 n‘t
617 1290 860 1356 propheta
889 1305 916 1340 a
943 1291 1053 1341 Deo
1086 1296 1349 1356 acceperat
1374 1297 1425 1341 et
1454 1298 1697 1355 tanquam
1728 1289 1974 1357 propheta
1994 1287 2191 1355 pracci-

309 1381 428 1432 pere
457 1366 703 1430 debebat,
745 1374 854 1418 tum
886 1367 1112 1434 profecto
1142 1368 1242 1434 ipsi
1271 1376 1373 1418 non
1402 1365 1636 1418 licuisset
1662 1365 1756 1418 Dei
1784 1373 2113 1434 praeceptum
2134 1363 2190 1413 in

309 1457 486 1508 preces
517 1451 736 1494 mutat-e.
811 1444 984 1506 Quare
1015 1445 1310 1495 necessario
1340 1443 1761 1510 intelligendum,
1802 1457 1920 1496 eum
1952 1442 2089 1506 loqui
2126 1437 2190 1491 de

307 1518 540 1574 libertate
559 1519 819 1586 monendi,
835 1533 967 1587 quae
989 1522 1090 1588 ipsi
1110 1527 1358 1586 tanquam
1380 1521 1593 1584 doctori,
1610 1527 1659 1571 et
1678 1533 1781 1571 non
1804 1527 2048 1586 tanquam
2067 1531 2191 1584 pro-

307 1601 494 1662 phetae
525 1609 648 1650 erat.
727 1599 810 1650 18.
849 1597 1089 1650 Attamen
1120 1597 1356 1649 noudum
1378 1599 1506 1650 satis
1527 1597 1658 1649 clare
1678 1599 1941 1662 sequitur,
1980 1600 2189 1661 aposto-

306 1673 386 1724 los
405 1675 536 1726 viam
558 1673 794 1736 docendi,
835 1687 991 1741 quam
1012 1675 1380 1741 unusquisque
1399 1675 1661 1727 meliorem
1683 1670 1982 1736 iudicasset,
2008 1669 2191 1737 eligere

307 1754 560 1819 potuisse,
601 1753 695 1804 sed
715 1760 914 1803 tantum
935 1768 1024 1804 eos
1043 1765 1101 1804 ex
1120 1752 1285 1806 officio
1307 1754 1625 1819 apostolatus
1646 1768 1747 1804 non
1778 1752 1947 1803 solum
1968 1748 2195 1817 prophe-

309 1836 412 1891 tas,
455 1830 548 1882 sed
578 1831 728 1881 etiam
756 1830 992 1881 doctores
1021 1830 1214 1893 fuisse,
1253 1831 1355 1880 nisi
1388 1830 1637 1881 rationem
1666 1830 1718 1880 in
1742 1826 1986 1880 auxilium
2016 1841 2193 1877 vocare

310 1906 556 1969 velimus,
593 1922 731 1973 quae
753 1906 902 1975 plane
921 1907 1236 1967 docetenm‚
1279 1908 1367 1972 qui
1399 1908 1749 1958 auctoritatem
1781 1904 1998 1957 docendi
2020 1902 2187 1965 habet,

310 1982 497 2035 habere
527 1986 678 2035 etiam
709 1986 1058 2036 auctoritatem
1090 1982 1339 2049 eligendi,
1382 1995 1538 2051 quam
1575 1983 1693 2035 velit
1718 1984 1871 2035 viam.
1956 1982 2039 2036 19.
2091 1979 2193 2031 Sed

312 2062 478 2113 satius
507 2063 628 2125 crit,
667 2074 776 2113 rem
805 2072 1010 2113 omnem
1039 2072 1098 2111 ex
1127 2061 1234 2111 sola
1257 2060 1516 2126 Scriptura
1548 2060 1917 2112 demonstrare.
1988 2056 2063 2109 Ex
2082 2059 2195 2123 ipsa

314 2139 451 2189 enim
478 2138 616 2190 clare
643 2145 844 2191 constat
872 2148 1303 2203 unumquemque
1341 2138 1693 2203 apostolorum
1721 2136 2035 2203 singularem
2062 2136 2196 2185 viam

313 2216 556 2281 elegisse3
599 2230 786 2283 nempe
803 2228 863 2266 ex
883 2215 962 2266 his
982 2214 1150 2266 verbis
1171 2214 1318 2266 Pauli
1339 2215 1490 2281 epist.
1512 2214 1575 2267 ad
1595 2216 1751 2266 Rom.
1773 2230 1888 2281 cap.
1907 2212 1989 2265 15.
2011 2226 2059 2263 v.
2074 2214 2159 2264 20.
2180 2230 2193 2262 z

311 2290 550 2343 Sollicita
576 2306 772 2343 can-am
793 2297 858 2343 ut
877 2292 1246 2359 praedicarem
1263 2332 1277 2351 ,
1314 2306 1419 2342 non
1444 2293 1539 2342 ubi
1555 2294 1855 2343 invocatum
1876 2297 1993 2342 erat
2009 2305 2199 2341 nomen

314 2367 526 2431 Gla-icti,
544 2410 548 2414 .
565 2382 630 2419 ne
651 2369 990 2436 aedificarem
1005 2382 1169 2435 stupra
1188 2368 1859 2434 utimumslmdamentum.
1932 2366 2019 2424 20.
2061 2368 2198 2419 Sane

315 2446 554 2497 siomnes
568 2445 784 2497 eandem
801 2445 1020 2497 docendi
1041 2447 1174 2497 viam
1197 2444 1453 2498 habebant
1472 2453 1523 2497 et
1538 2458 1721 2497 omnes
1742 2460 1897 2514 supra
1920 2442 2057 2497 idem
2081 2444 2198 2499 fun-

317 2522 616 2575 damentum
651 2521 997 2575 Christianam
1035 2524 1334 2589 religionem
1371 2522 1781 2586 aedificaverant,
1824 2525 1963 2576 nulla
2002 2524 2199 2575 ratione

313 2599 510 2651 Paulus
530 2599 742 2651 alterius
761 2600 980 2667 apostoli
1001 2599 1337 2652 fundamenta
1360 2598 1523 2651 aliena
1544 2615 1723 2652 vocare
1751 2608 1979 2668 poterat,
2018 2607 2197 2667 utpote

316 2690 447 2743 quae
467 2683 518 2728 et
536 2678 706 2743 ipsius
724 2677 904 2729 eadem
925 2685 1086 2728 erant.
1146 2676 1246 2728 Sed
1269 2677 1689 2744 quandoquidem
1712 2680 1825 2747 ipsa
1846 2678 2010 2730 aliena
2032 2683 2194 2737 vocat,

317 2755 607 2805 necessario
654 2754 1069 2806 concludendum
1095 2793 1108 2817 ,
1167 2770 1595 2821 unumquemque
1642 2757 1939 2823 religionem
1995 2751 2199 2805 diverso

315 2830 651 2883 fundamento
687 2830 1146 2898 superaedificasse
1185 2841 1234 2883 et
1269 2832 1517 2900 apostolis
1548 2834 1600 2883 in
1630 2846 1728 2884 suo
1757 2832 2019 2884 doctoratu
2058 2830 2196 2881 idem

315 2909 630 2973 contigisse,
655 2908 793 2975 quod
813 2908 1029 2975 reliquis
1049 2908 1368 2971 doctoribus,
1400 2912 1491 2976 qui
1512 2910 1825 2975 singularem
1846 2907 2065 2960 docendi
2086 2922 2200 2959 me·-

313 2986 532 3037 thodum
561 2985 784 3048 habent,
823 2992 884 3037 ut
913 3000 1120 3053 semper
1145 2988 1313 3054 magis
1342 3000 1431 3038 cos
1460 2987 1642 3038 docere
1662 2987 1893 3051 cupiant,
1936 2984 2025 3050 qui
2046 2983 2198 3051 plane

313 3062 471 3116 rudes
491 3070 637 3128 sunt,
677 3072 731 3115 et
747 3063 953 3131 linguas
973 3064 1054 3116 vel
1073 3064 1319 3117 scientias
1338 3067 1491 3116 etiam
1510 3062 1895 3115 mathematicas
1910 3101 1925 3124 ‚
1965 3061 2029 3114 de
2063 3075 2199 3127 qua-

313 3155 432 3197 rum
467 3143 673 3195 veritate
709 3156 864 3195 nemo
905 3139 1139 3207 dubitat,
1197 3156 1256 3195 ex
1298 3141 1445 3194 nullo
1490 3140 1589 3193 alio
1628 3139 1826 3193 discere
1872 3138 2193 3206 inceperunt.
