2548 3485
1248 3 1304 26 ..v
1317 3 1366 11 ,,-,.

1107 177 1245 225 can.
1300 179 1416 226 ΧΠ.
2080 173 2201 237 183

324 357 589 425 Quicquid
627 357 763 409 enim
801 372 860 409 ex
897 356 978 409 his
1017 356 1241 410 deletum
1280 364 1448 421 esset,
1498 357 1551 410 id
1589 358 1762 410 statim
1798 357 1984 411 iterum
2020 358 2205 413 horum

321 435 610 488 universale
647 435 1039 486 fundamentum
1080 434 1399 499 dictavissct,
1441 442 1493 487 et
1528 436 1802 504 praecipue
1838 435 2204 489 documentum

325 513 553 564 caritatis
566 551 580 574 ‚
619 523 754 578 quae
781 511 980 578 ubique
1009 513 1064 564 iu
1083 521 1306 579 utroque
1325 519 1632 566 testamento
1650 527 1856 566 summe
1874 515 2207 567 commenda-

319 597 422 642 tur.
496 590 583 642 38.
622 588 773 642 Adde
804 590 946 657 quod
972 591 1206 657 quamvis
1239 586 1443 642 nuilum
1470 591 1672 642 facinus
1710 590 2079 645 exsecrandum
2118 607 2206 646 ex-

321 667 532 733 cogitari
551 667 744 734 possit,
786 667 930 733 quod
946 678 1049 719 non
1071 669 1140 719 sit
1159 666 1223 719 ab
1243 668 1420 734 aliquo
1441 668 1782 720 commissum
1797 708 1812 732 ,
1850 676 2023 722 tamen
2050 684 2204 722 nemo

321 750 428 806 est,
467 744 559 810 qui
590 745 654 795 ad
687 743 912 797 facinora
948 735 1042 797 sua
1081 745 1370 798 excusanda
1399 744 1541 811 leges
1570 743 1741 798 delere
1766 752 1951 810 tentet,
1992 753 2082 799 aut
2108 747 2204 798 ali-

321 819 446 886 quid
463 859 476 882 ,
516 819 657 887 quod
677 821 897 887 impium
917 822 1010 884 sit,
1052 829 1297 890 tanquam
1319 823 1689 874 documentum
1710 829 1978 876 aeternum
1998 832 2047 875 ct
2066 823 2205 876 salu-

319 902 426 948 tare
452 897 800 950 introducere.
874 899 951 949 Ita
978 899 1115 950 enim
1147 896 1417 951 hominum
1444 906 1680 951 naturam
1709 899 2041 953 constitutam
2060 901 2203 953 vide-

319 987 466 1038 mus,
505 980 565 1026 ut
593 975 958 1044 unusquisque
988 975 1120 1042 (sive
1150 991 1234 1028 rex
1264 977 1371 1029 sive
1398 974 1643 1028 subditus
1674 977 1771 1046 sit)
1808 979 1855 1028 si
1892 977 2017 1044 quid
2056 982 2204 1046 turpe

319 1052 608 1114 commisit,
647 1051 839 1105 factum
867 1065 1026 1105 suum
1055 1053 1249 1108 talibus
1280 1054 1677 1107 circumstantiis
1708 1053 1956 1106 adornare
1978 1055 2197 1118 studeat,

317 1137 376 1180 ut
413 1127 539 1180 nihil
577 1137 754 1184 contra
791 1133 988 1184 iustum
1029 1139 1080 1183 et
1110 1132 1351 1185 decorum
1382 1131 1707 1183 commisisse
1734 1131 1989 1184 credatur.
2059 1132 2202 1184 Con-

319 1205 581 1258 ciudimus
627 1208 800 1274 itaque
847 1208 1086 1261 absolute
1133 1215 1294 1260 totam
1336 1207 1508 1274 iegem
1564 1206 1785 1260 divinam
1821 1202 2199 1266 universalem.

319 1295 475 1349 quam
495 1280 757 1350 Scriptura
779 1284 955 1347 docet,
996 1286 1347 1353 incorruptam
1367 1283 1433 1337 ad
1452 1281 1654 1336 nostras
1678 1285 1863 1338 marius
1882 1287 2199 1353 pervenisse.

319 1359 406 1411 39.
443 1356 516 1412 At
532 1368 732 1428 praeter
747 1359 874 1413 haec
892 1361 990 1413 alia
1005 1361 1181 1414 'adhuc
1199 1371 1347 1426 sunt,
1375 1363 1438 1414 de
1458 1358 1655 1428 quibus
1674 1377 1777 1414 non
1794 1375 2080 1430 possumus
2100 1363 2201 1414 du·-

318 1435 510 1501 bitar‘e,
555 1439 682 1503 quin
711 1435 846 1490 bona
874 1437 973 1491 fide
1002 1439 1156 1492 nobis
1187 1441 1292 1492 sint
1321 1440 1533 1500 tradita;
1572 1451 1757 1505 nempe
1777 1452 2013 1492 summae
2031 1440 2201 1492 histo-

319 1515 511 1565 riarum
547 1515 867 1584 Scripturae,
911 1517 1035 1584 quia
1071 1517 1376 1570 notissimae
1414 1515 1660 1568 omnibus
1699 1516 1927 1569 fuerunt.
1996 1516 2199 1583 Vulgus

316 1589 628 1644 ludaeorum
675 1591 876 1644 solebat
911 1591 1035 1644 olim
1075 1595 1303 1647 nationis
1341 1593 1671 1660 antiquitates
1720 1591 1935 1660 psalmis
1974 1601 2198 1645 cantare.

317 1667 531 1720 Summa
564 1669 718 1720 etiam
745 1683 918 1720 rerum
948 1685 977 1722 a
998 1671 1200 1723 Christo
1229 1677 1491 1738 gestarum
1522 1671 1704 1722 eteius
1722 1671 1896 1738 passio
1916 1671 2089 1722 statim
2109 1684 2200 1737 per

316 1752 483 1797 totum
521 1744 821 1799 Romanum
870 1748 1145 1815 imperium
1190 1750 1393 1815 vulgata
1432 1749 1550 1802 fuit.
1624 1750 1797 1813 Quare
1832 1750 2048 1801 minime
2083 1764 2199 1801 cre-

315 1822 546 1875 tiendum
575 1831 683 1887 est,
725 1824 827 1875 nisi
856 1828 1074 1877 maxima
1105 1826 1377 1877 hominum
1404 1839 1523 1891 pars
1545 1826 1598 1877 in
1622 1841 1682 1878 co
1702 1826 1993 1879 conveniret
2032 1826 2199 1893 (quod

313 1899 613 1952 incredibile
652 1901 796 1966 est),
837 1902 919 1963 id,
960 1902 1100 1967 quod
1137 1902 1319 1955 harum
1358 1899 1686 1955 historiarum
1724 1902 2062 1972 praecipuum
2098 1911 2195 1967 est,

319 1985 554 2043 posteros
573 1976 719 2029 aliter
737 1976 1013 2031 tradidisse
1030 2017 1043 2041 ,
1083 1993 1241 2046 quam
1261 1994 1291 2030 a
1312 1980 1493 2045 primis
1514 1989 1833 2047 acceperant.
1908 1984 1994 2034 40.
2035 1980 2199 2042 Quic-

317 2053 441 2121 quid
469 2056 628 2120 igitur
647 2054 988 2107 adulteratum
1009 2063 1088 2107 est
1107 2062 1196 2107 aut
1216 2055 1553 2119 mendosum,
1594 2056 1646 2108 id
1676 2062 1873 2108 tantum
1903 2056 1959 2109 in
1986 2057 2199 2123 reliquis

315 2132 612 2199 contingere
631 2134 824 2199 potuit,
865 2133 1100 2185 videiicet
1117 2134 1170 2184 iu
1191 2146 1296 2187 una
1316 2140 1404 2184 aut
1426 2133 1580 2185 altera
1601 2132 1844 2185 historiae
1864 2140 1955 2185 aut
1971 2133 2198 2202 prophe-

317 2210 416 2263 tiae
446 2210 857 2272 circumstantia,
897 2215 956 2261 ut
982 2209 1208 2279 populus
1239 2208 1304 2261 ad
1341 2208 1664 2263 devotionem
1700 2210 1865 2277 magis
1902 2223 2198 2263 commove-

315 2292 480 2351 retur-3
519 2284 596 2339 vei
623 2286 678 2337 in
698 2301 806 2339 uno
827 2296 915 2340 aut
933 2286 1092 2339 altero
1113 2286 1363 2339 miraculo
1378 2326 1393 2349 ,
1431 2294 1491 2338 ut
1508 2286 1849 2355 philosophos
1869 2292 2195 2353 torquerent;

313 2363 393 2416 vei
413 2363 638 2431 denique
653 2366 708 2417 in
726 2364 884 2418 rebus
904 2363 1247 2432 speculativis,
1291 2370 1566 2431 postquam
1586 2377 1615 2417 a
1637 2364 1984 2417 schismaticis
2004 2368 2058 2417 in
2076 2367 2200 2419 reii-

316 2442 520 2506 gionem
551 2440 808 2495 introduci
843 2443 1170 2508 inceperunt,
1212 2448 1270 2494 ut
1306 2442 1384 2493 sic
1420 2442 1787 2507 unusquisque
1822 2454 1918 2495 sua
1954 2442 2197 2511 figmenta

317 2518 617 2572 auctoritate
637 2518 807 2572 divina
827 2515 1087 2571 abutendo
1108 2519 1491 2571 statuminaret.
1565 2517 1667 2571 sed
1686 2518 1753 2571 ad
1772 2519 1993 2572 saiutem
2011 2524 2197 2588 parum

316 2594 499 2659 refert,
523 2597 628 2649 sive
647 2594 769 2649 talia
788 2594 1058 2663 depravata
1075 2598 1183 2651 sint
1196 2637 1210 2662 ,
1233 2598 1340 2650 sive
1358 2598 1565 2661 minus;
1588 2596 1728 2665 quod
1746 2597 1801 2649 in
1822 2600 2059 2666 sequenti
2081 2612 2193 2667 cap.

319 2686 377 2724 ex
394 2672 630 2739 professo
657 2674 924 2727 ostendam
939 2713 952 2738 ,
993 2675 1090 2727 etsi
1117 2675 1299 2727 exiam
1318 2674 1470 2728 dictis
1491 2682 1541 2727 et
1566 2675 1843 2743 praecipue
1862 2687 1920 2728 ex
1940 2688 2053 2742 cap.
2074 2678 2127 2726 ⁶2.
2140 2676 2196 2744 *)

311 2752 418 2801 iam
441 2756 674 2804 constare
689 2758 837 2820 puto.

418 2924 462 2974 ⁸)
497 2920 598 2967 Vid.
619 2933 719 2977 cap.
739 2922 779 2962 2.
801 2923 843 2974 ς.
863 2924 930 2966 52.
951 2932 1055 2979 sqq.

1090 3090 1425 3101 -ῌ--ι-ι-
