2548 3485
308 126 432 196 1'40
698 136 1088 184 ‘mac'ruus
1125 113 1787 206 Tussosoeico-Pou‘r.

305 322 409 368 ret.
485 316 640 380 Quod
667 323 874 382 tempus
902 315 1194 368 necessario
1222 313 1550 368 referendum
1579 323 1657 366 est
1680 313 1747 366 ad
1772 313 1913 366 aliud
1926 352 1942 377 ‚
1978 312 2045 366 de
2082 328 2185 380 quo

303 394 602 449 immediate
623 395 872 461 loquutus
895 392 1066 461 est‘);
1105 399 1157 444 at
1181 392 1246 444 ad
1265 393 1351 456 id,
1390 393 1456 446 de
1474 407 1578 460 qno
1597 394 1650 445 in
1670 390 1863 444 Genesi
1890 390 2187 442 immediate

226 509 231 516 .
305 467 488 538 agitur,
511 472 724 524 minime
747 469 923 525 referri
941 478 1132 538 potest.
1179 469 1264 522 Ab
1286 485 1347 523 eo
1367 472 1523 533 enim,
1548 484 1739 538 nempe
1754 485 1784 521 a
1804 483 1909 536 quo
1928 467 2187 535 Iosephus

306 551 360 601 in
379 549 674 617 Aegyptum
695 545 884 599 ductus
913 547 1056 616 fuit„
1077 563 1248 614 usque
1271 563 1377 624 quo
1398 547 1619 600 Iacobus
1638 545 1919 614 patriarcha
1940 559 2061 596 cum
2083 553 2189 597 tota
2280 605 2285 608 ,

303 625 495 679 familia
515 641 578 678 eo
597 624 750 678 etiam
771 623 1034 691 profectus
1053 633 1154 687 est,
1195 639 1301 677 non
1320 625 1441 692 plus
1454 665 1469 688 ‚
1501 640 1659 692 quam
1676 625 1851 690 viginti
1872 623 2005 676 duos
2024 637 2188 674 annos

304 717 575 755 numerare
608 715 915 770 possumus.
999 704 1050 754 9.
1095 703 1227 754 Nam
1257 702 1514 770 Iosephus
1543 718 1706 770 quum
1735 719 1764 755 a
1793 701 2039 754 fratribus
2060 709 2191 752 ‘ven-2

232 823 264 847 ,.
305 781 538 850 deretur,
579 779 930 847 septendecim
970 793 1136 832 annos
1175 785 1327 831 natus
1356 787 1489 848 erat,
1532 789 1583 832 et
1620 794 1783 848 quum
1810 795 1839 830 a
1866 778 2129 830 Pharaone
2158 793 2189 830 e
2280 801 2289 806 ·

304 857 596 910 carceribus
625 858 794 910 vocari
821 856 1112 920 iuberetur,
1152 857 1391 922 triginta:
1428 857 1623 924 quihus
1654 859 1699 910 si
1718 855 1973 908 addantur
1990 856 2188 922 septem

306 937 428 988 anni
449 933 722 986 fertilitatis
741 941 792 986 et
811 935 914 986 duo
934 934 1088 986 famis
1104 972 1118 995 ,
1153 931 1435 993 vconficient
1463 935 1622 986 simul
1652 935 1837 1001 viginti·
1852 934 1984 986 duos
2002 947 2187 1002 annos.

307 1014 390 1065 10.
429 1010 595 1078 Atqui
621 1011 720 1062 hoc
746 1012 992 1078 temporis
1021 1011 1287 1063 intervallo
1316 1026 1470 1064 nemo
1498 1013 1766 1078 concipere
1795 1011 1979 1078 poterit
2007 1018 2079 1062 tot
2106 1025 2191 1062 res

307 1089 604 1154 contingere
625 1089 889 1155 potuiss03
911 1102 1100 1155 nempe
1111 1087 1259 1154 -quod
1276 1089 1412 1140 Juda
1431 1096 1533 1141 tres
1553 1089 1743 1141 liberos
1762 1104 1821 1141 ex
1840 1089 1995 1140 unica
2014 1084 2187 1162 uxore,

308 1181 464 1232 quam
481 1175 590 1218 tum
607 1165 765 1228 duxit,
783 1179 948 1216 unum
963 1172 1083 1232 post
1095 1165 1254 1218 alium
1270 1167 1620 1233 procreaverit,
1631 1179 1857 1232 quorum
1872 1167 2037 1218 mai‘or
2049 1162 2191 1227 natu,

305 1243 396 1295 ubi
425 1259 518 1310 per
543 1249 760 1294 aetatem
789 1243 962 1305 licuit,
1001 1245 1190 1294 Tamar
1216 1246 1268 1296 in
1300 1254 1505 1296 uxorem
1536 1244 1708 1303 duxit,
1748 1257 1810 1294 eo
1840 1256 1958 1295 vero
1988 1250 2192 1295 mortuo

306 1321 570 1385 secundus
589 1335 704 1372 eam
725 1321 778 1371 in
797 1321 1182 1372 matrimonium
1212 1323 1430 1388 recepit,
1472 1321 1561 1386 qui
1594 1321 1745 1371 etiam
1776 1319 1931 1381 obiit,
1970 1327 2022 1372 et
2050 1315 2190 1387 quod

308 1398 508 1452 dudum
527 1405 806 1465 postquam
826 1396 952 1448 hacc
969 1404 1080 1448 acta
1098 1406 1238 1460 sunt,
1274 1401 1388 1466 ipse
1406 1397 1564 1449 Iudas
1584 1411 1701 1448 cum
1722 1399 1835 1462 ipsa
1854 1410 1990 1449 nuru
2005 1399 2193 1448 Tamai-

309 1478 522 1542 ignarns
539 1489 648 1527 rem
669 1473 924 1537 habuerit,¹
949 1488 1008 1526 ex
1025 1489 1127 1541 qua
1147 1477 1333 1526 iterum
1356 1476 1517 1537 duos,'
1534 1489 1641 1527 une
1660 1481 1830 1524 tamen
1850 1481 2019 1539 partu,
2052 1473 2191 1526 libe·-

307 1567 394 1606 ros
411 1553 694 1620 acceperit.
717 1565 958 1619 quorum
977 1551 1132 1602 etiam
1153 1565 1291 1603 unus
1311 1554 1443 1603 intra
1464 1551 1780 1617 praedictum
1802 1559 2009 1617 tempus
2028 1549 2193 1603 factus

308 1637 388 1681 est
414 1644 622 1696 parens.
699 1631 782 1682 11.
822 1629 996 1692 Quum
1027 1629 1183 1692 igitur
1211 1628 1337 1680 haec
1362 1630 1533 1680 omnia
1564 1642 1667 1680 non
1693 1629 1898 1694 possint
1924 1626 2101 1679 referri
2128 1628 2197 1680 ad

308 1707 438 1759 illud
467 1714 676 1774 tempus
687 1746 721 1773 ,,
744 1705 808 1757 de
839 1719 944 1772 quo
971 1705 1024 1757 in
1057 1705 1277 1768 Genesi,
1318 1704 1647 1758 referendum
1682 1705 1975 1758 necessario
2014 1712 2095 1757 est
2129 1705 2194 1757 ad

305 1784 466 1846 aliud,
502 1785 566 1835 de
588 1798 692 1849 quo
710 1782 1006 1835 immediate
1025 1784 1080 1834 in
1099 1782 1200 1835 alio
1217 1782 1352 1835 libro
1370 1784 1643 1850 agebatur-3
1684 1796 1742 1834 ac
1761 1782 1979 1849 proinde
1994 1784 2192 1835 Hezras

306 1862 440 1915 hanc
459 1862 612 1912 etiam
634 1860 899 1933 historiam
919 1859 1220 1927 simpliciter
1240 1859 1544 1927 descripsit,
1586 1874 1803 1926 eamque
1824 1861 2055 1913 nondum
2078 1875 2195 1913 exa-

305 1941 553 1990 minatam
584 1937 798 2008 reliquis
837 1938 1076 1989 inseruit.
1152 1938 1237 1992 12.
1274 1937 1347 1988 At
1382 1953 1485 1990 non
1515 1946 1727 1990 tantum
1757 1937 1854 1988 hoe
1884 1944 2062 2004 caput,
2092 1937 2195 1989 -sed

307 2023 466 2067 totam
489 2016 691 2084 losephi
720 2022 772 2068 et
797 2013 969 2066 iacobi
999 2013 1265 2086 historiam
1294 2030 1354 2067 ex
1386 2014 1601 2067 diversis
1620 2015 1879 2067 historicis
1899 2013 2192 2081 decerptam

382 2204 386 2208 ’
410 2221 449 2270 *)
489 2219 624 2275 Quod
655 2222 732 2267 hic
760 2226 910 2265 textus
938 2218 1120 2265 nullum
1149 2208 1278 2263 'aliud
1307 2193 1491 2276 tempus
1520 2218 1765 2276 respiciat,
1803 2217 2079 2282 quam‘illud
2100 2230 2195 2277 quo

310 2278 540 2335 Iosephus
560 2283 774 2327 venditus
794 2278 952 2333 suerit,
965 2290 1066 2334 non1
1078 2283 1258 2323 tantum
1279 2290 1333 2323 ex
1352 2278 1499 2334 ipsius
1521 2278 1747 2327 orationis
1767 2284 1981 2325 contextu
1994 2278 2195 2338 constat,

309 2338 392 2383 sed
417 2338 556 2384 etiam
577 2352 632 2385 ex
651 2342 752 2397 ipsa
772 2340 920 2396 ipsius
940 2338 1086 2383 Iudae
1105 2344 1256 2383 aetate
1276 2328 1537 2395 colligitur,
1558 2338 1638 2395 qui
1660 2346 1759 2385 tum
1781 2338 2001 2394 temporis
2024 2338 2198 2395 vigesi-
2288 2356 2293 2360 ·

311 2410 440 2443 mum
462 2401 721 2445 secundum
743 2400 908 2445 aetatis
928 2410 1102 2443 annum
1125 2398 1184 2442 ad
1203 2410 1441 2443 summum
1463 2398 1658 2455 agebat,
1689 2398 1729 2443 si
1752 2409 1807 2443 ex
1828 2398 1975 2453 ipsius
1985 2408 2195 2459 praece-

311 2459 437 2517 denti
459 2458 651 2503 historia
671 2458 907 2504 calculum
927 2458 1084 2506 iacere
1101 2456 1228 2503 licet.
1284 2458 1404 2503 Nam
1425 2470 1479 2503 ex
1494 2469 1601 2515 cap.
1620 2458 1688 2501 29.
1710 2470 1751 2501 v.
1772 2456 1937 2515 ultimo
1956 2455 2199 2505 Geneseos

310 2525 522 2575 apparet,
552 2519 680 2575 quod
701 2518 816 2563 luda
837 2524 974 2563 natus
997 2518 1138 2563 ruerit
1157 2530 1281 2562 anno
1299 2518 1502 2575 decimo,
1540 2530 1567 2563 a
1588 2529 1682 2575 quo
1704 2516 1909 2562 lacobus
1930 2518 2199 2574 patriarcha
2246 2568 2251 2571 ,

253 2576 256 2581 ’
309 2576 492 2625 servire·
523 2578 678 2634 coepit
713 2576 790 2632 (1).
811 2576 1012 2633 incepit)
1048 2577 1268 2635 Laban03
1325 2577 1553 2634 Iosephus
1591 2582 1749 2621 autem
1789 2577 1972 2623 decimo
2010 2586 2197 2635 quarto.

207 2669 212 2673 -
287 2634 426 2695 *Cum
454 2638 596 2695 igitur
613 2637 715 2694 ipse
733 2637 992 2695 Iosephus,
1031 2648 1138 2683 cum
1159 2637 1461 2693 venderetur,
1500 2636 1667 2681 aetatis
1688 2637 1924 2682 decimum
1943 2638 2199 2693 septimum

205 2735 208 2740 .
309 2698 483 2755 agebat
517 2697 593 2751 (l).
614 2695 780 2753 egerit)
819 2709 1022 2753 annum,
1061 2702 1171 2751 'ergo
1202 2697 1343 2742 ludas
1370 2703 1471 2741 tum
1510 2697 1733 2753 temporis
1769 2708 1920 2742 annos
1954 2697 2113 2753 viginti
2152 2704 2201 2743 et

309 2770 456 2805 unum
475 2764 613 2827 natus
633 2764 758 2863 erati·
778 2769 872 2823 non
893 2756 1112 2814 amplius.
1167 2757 1258 2813 Qui
1280 2757 1438 2827 itaque
1453 2758 1577 2827 lianc
1596 2756 1743 2801 Iudae
1763 2752 2033 2801 diuturnam
2054 2755 2199 2802 domo

251 2908 255 2913 .
311 2816 2195 2933 2¹:35⁰ss{sazssmft'ssl1¹sstdssffitffiffist²¹{¹333.‘223‘15323‘1ffifflz’12

315 2935 373 2979 de
401 2936 662 2992 scripturae
690 2938 928 2983 divinitate
955 2935 1169 2984 sollicitis
1197 2936 1373 2993 magis,
1410 2948 1554 2995 quam
1582 2937 1721 2981 certis
1750 2936 1825 2989 (Ι).
1847 2941 1893 2978 et
1912 2937 1967 2977 dc
1986 2947 2077 2978 scr.
2098 2935 2195 2978 div.
2293 2952 2298 2956 ·

312 2990 469 3047 mag-ie
497 2994 692 3045 solliciti
721 3001 868 3055 quam
898 2994 1018 3039 certa·
1043 2998 1200 3049 eunt).
1256 2992 1345 3051 Sp.
1374 3008 1431 3029 ··-
1468 2996 1613 3043 Murr.
1636 2996 1772 3041 adda
1811 2994 1947 3051 „NB-
1988 2994 2077 3039 nic
2107 2993 2196 3050 ipsi

263 3065 267 3072 .
315 3052 1196 3167 {ggzzgzgfflrcilgfficgrat'atramentum3
1236 3052 1355 3103 alias
1377 3055 1499 3103 rorte
1518 3056 1837 3102 continuasset
1852 3052 2069 3100 'eamdem
2090 3066 2197 3133 ma-
2236 3122 2243 3129 ,
