2548 3485
1029 184 1166 227 CAP.
1223 182 1287 226 11.
2022 191 2102 249 43

201 390 326 443 cap.
351 376 436 428 17.
457 389 506 427 v.
524 375 610 429 25.
632 376 719 433 26.
742 383 840 428 etc.
913 379 1000 430 40.
1023 379 1090 428 Et
1109 376 1350 440 Iacobum,
1376 391 1433 427 ex
1452 375 1602 428 Aben
1623 377 1820 427 Hezrae
1840 375 2098 441 opinione,

203 453 340 505 dixit
367 459 632 520 propterea
660 453 808 518 filiis,
847 453 940 506 ubi
971 455 1187 520 patriam
1218 462 1389 522 petere
1409 453 1595 516 voluit,
1634 459 1694 504 ut
1712 467 1768 503 se
1788 465 1921 502 novo
1938 451 2099 502 cultui

203 539 602 597 praepararent,
643 538 695 582 et
725 531 852 584 deos
881 531 1075 585 alienos
1093 571 1106 592 ‚
1145 530 1242 582 hoc
1271 539 1352 582 est
1380 531 1578 581 cultum
1599 531 1813 581 deorum
1832 528 1974 580 illins
1995 536 2104 578 ter-

206 622 326 670 rae,
370 609 422 658 in
455 623 556 674 qua
585 616 696 660 tum
730 615 904 672 erant,
947 609 1281 674 deponerent.
1353 607 1485 658 Vide
1505 607 1637 658 Gen.
1660 621 1774 673 cap.
1797 607 1882 658 35.
1907 619 1955 656 v.
1974 607 2026 658 2.
2050 605 2102 655 3.

205 685 378 736 David
417 687 599 748 etiam,
638 692 698 737 ut
735 687 892 739 Saulo
929 685 1146 747 diceret,
1197 701 1254 736 se
1293 692 1503 752 propter
1538 685 1653 734 elus
1694 683 2103 750 persecutionem

207 771 462 813 coactum·
483 777 624 823 esse,
667 769 802 815 extra
831 763 1047 830 patriam
1079 763 1268 825 vivere,
1310 761 1461 824 dixit,
1501 776 1557 812 se
1595 760 1661 812 ab
1700 759 1978 811 hereditate
2007 760 2104 810 Dei

209 839 398 906 expelli
419 849 468 891 et
485 840 550 891 ad
570 839 698 891 alios
721 839 848 892 deos
878 839 1122 891 colendos
1153 839 1307 889 mitti.
1379 839 1511 889 Vide
1532 839 1668 889 Sam.
1690 837 1781 889 lib.
1808 839 1858 888 1.
1879 849 1993 902 cap.
2014 837 2103 886 26.

209 931 265 966 v.
284 916 368 967 19.
440 917 527 969 41.
549 918 784 982 Denique
807 915 1039 976 credidit,
1063 917 1160 966 hoc
1177 929 1270 966 ens
1294 917 1587 968 sivemeum
1609 927 1765 966 suum
1790 913 2104 965 domicilium

211 994 270 1044 ln
293 993 449 1044 coelis
467 991 658 1044 habere
678 993 818 1060 (vide
839 995 994 1044 Deut.
1019 1007 1131 1058 cap.
1154 992 1239 1044 33.
1263 1007 1309 1042 v.
1331 993 1417 1044 26.
1440 992 1588 1060 27.);
1627 1006 1760 1058 quae
1781 993 1955 1057 opinio
1974 993 2107 1041 inter

209 1069 450 1122 ethnicos
473 1070 892 1136 frequentissima
915 1070 1030 1120 fuit
1106 1071 1160 1120 Si
1191 1071 1293 1120 iam
1315 1069 1377 1120 ad
1400 1071 1567 1122 Mosis
1587 1069 1916 1121 revelationes
1937 1072 2107 1118 atten-

212 1146 431 1208 damuS,
473 1161 562 1199 eas
599 1147 740 1198 hisce
769 1146 1100 1213 opinionibus
1131 1145 1547 1198 accommodatas
1578 1145 1741 1198 fuisse
1762 1146 2101 1213 reperiemus

211 1225 349 1274 Nam
371 1223 492 1289 quia
513 1223 752 1275 credebat
769 1225 862 1274 Dei
884 1231 1120 1274 naturam
1147 1223 1291 1288 illae,
1333 1238 1463 1288 quas
1491 1222 1745 1288 diximuS‚
1786 1223 1891 1289 pati
1924 1221 2107 1273 condi-

215 1302 410 1362 tioneS,
454 1315 668 1366 nempe,
709 1288 1159 1363 misericordiam,-
1155 1298 1554 1366 ¹benignitatem
1576 1306 1703 1361 etc„
1745 1299 1859 1350 ideo
1877 1301 2019 1352 Deus
2040 1299 2107 1349 ad

215 1377 352 1427 hanc
389 1377 502 1427 eius
543 1378 842 1444 opinionem
881 1386 931 1430 et
967 1377 1070 1430 sub
1106 1377 1247 1428 hisce
1285 1377 1544 1428 attributis
1574 1378 1675 1443 ipsi
1705 1377 1955 1427 revelatus
1986 1376 2103 1426 fuit.

215 1453 348 1504 Vide
369 1453 532 1505 Exodi
551 1467 664 1520 cap.
686 1455 772 1506 34.
795 1469 842 1506 v.
865 1455 916 1506 6.
940 1456 994 1507 7.
1012 1495 1025 1516 ‚
1066 1453 1156 1506 ubi
1178 1461 1428 1520 narratur,
1470 1467 1572 1520 qua
1593 1454 1789 1505 ratione
1805 1455 1947 1504 Deus
1967 1453 2105 1504 Mosi

215 1531 482 1595 apparuit,
515 1537 567 1581 et
586 1529 812 1596 decalogi
833 1531 1020 1596 (Exod.
1042 1545 1156 1597 cap.
1169 1532 1282 1595 20.)
1301 1545 1349 1582 v.
1366 1535 1419 1582 4.
1436 1534 1485 1582 5.
1558 1533 1645 1582 42.
1667 1528 1867 1581 Deinde
1886 1543 1999 1594 cap.
2016 1529 2101 1579 33.

213 1621 266 1656 v.
293 1607 375 1658 18.
400 1614 649 1669 narratur,
688 1609 872 1660 Mosen
893 1623 920 1658 a
941 1609 1052 1658 Deo
1073 1607 1285 1673 petiisse
1302 1647 1316 1670 ,
1339 1615 1399 1658 ιιι
1420 1607 1517 1658 sibl
1536 1606 1731 1670 liceret,
1770 1621 1890 1658 eum
1911 1606 2102 1657 videre.

215 1682 318 1733 Sed
343 1684 591 1749 quonia-m
611 1685 788 1736 Moses
803 1723 817 1749 ,
857 1691 916 1735 ιιι
936 1685 1038 1734 iam
1060 1683 1254 1734 dictum
1276 1692 1377 1748 est,
1416 1684 1611 1735 nullam
1632 1685 1729 1740 Dei
1756 1685 2031 1749 imaginem
2054 1685 2105 1732 in

217 1758 428 1811 cerebro
459 1760 788 1823 formaverat,
829 1763 1042 1811 etheus
1069 1760 1158 1830 (ιιι
1184 1764 1287 1813 iam
1316 1760 1547 1827 ostendi)
1580 1775 1683 1812 non
1713 1760 1965 1812 revelatur
1982 1774 2110 1825 pro-⁴

215 1836 418 1903 phetis,
477 1836 576 1887 nisi
617 1850 711 1903 pro
749 1838 1091 1904 dispositione
1128 1852 1305 1890 eorum
1343 1839 1751 1905 imaginationis,
1812 1838 1928 1887 ideo
1965 1838 2107 1887 Deus

217 1913 357 1965 nulla
395 1914 498 1981 ipsi
529 1915 754 1980 imagine
780 1915 1044 1981 appel-uin
1086 1920 1243 1981 atque
1272 1915 1369 1966 hoc
1400 1915 1677 1980 contigisse
1709 1916 1949 1980 inquam,
1988 1913 2106 1978 quia

218 1992 386 2043 Mosis
404 1992 760 2057 imaginationi
779 1992 1116 2059 repugnabat.
1187 1993 1319 2044 Nam
1348 1992 1432 2044 alii
1465 1992 1743 2059 prophetae
1761 1993 1931 2042 Deum
1954 2004 2009 2040 se
2030 1991 2107 2040 vi-

219 2068 363 2119 disse
411 2075 691 2129 testantur3
749 2083 936 2135 nempe
980 2069 1163 2121 Esaias
1182 2070 1262 2138 ¹),
1318 2068 1555 2121 Ezechiel
1573 2068 1659 2136 ²),
1706 2067 1959 2133 Danielss)
2006 2074 2103 2116 etc.

218 2163 305 2213 43.
343 2162 410 2213 Et
433 2161 528 2213 hac
556 2163 620 2214 de
649 2176 806 2213 causa
837 2162 977 2215 Deus
1008 2162 1144 2215 Mosi
1174 2161 1442 2229 respondit
1457 2164 1529 2226 4)·
1578 2138 1765 2223 Diffi&
1810 2138 2105 2223 &mn-&⁴7

220 2269 362 2327 ’ςῦ-
368 2269 466 2343 ng
503 2282 609 2317 non
619 2268 827 2332 potens
842 2266 1230 2331 meamsaciem
1248 2264 1459 2329 videre5
1496 2272 1547 2315 et
1577 2265 1699 2331 quia
1722 2266 1898 2317 Moses
1928 2261 2106 2313 crede-

219 2332 334 2421 isat,
371 2361 540 2411 Deum
561 2374 678 2411 esse
699 2359 986 2424 visibilem,
1028 2359 1124 2409 hoc
1143 2366 1253 2420 est,
1294 2374 1353 2410 ex
1374 2364 1517 2425 parte
1538 2358 1737 2411 divinae
1756 2365 1965 2409 naturae
1988 2356 2107 2409 nul-

219 2436 322 2487 lam
349 2436 404 2489 id
434 2437 699 2503 implicare
729 2435 1182 2488 contradictionem
1216 2434 1371 2502 (alias
1400 2437 1539 2487 enim
1570 2436 1696 2489 nihil
1724 2435 1895 2486 simile
1924 2434 2106 2501 petiis·-

219 2523 340 2587 set),
364 2523 478 2574 ideo
497 2522 670 2575 addit·
710 2526 807 2613 ’Πέ
839 2526 1030 2613 ΕᾋΝῆ
1056 2500 1364 2603 ‘2315’24‘7
1396 2526 1461 2583 ’3
1484 2526 1735 2588 quoniam
1755 2536 1903 2572 nemo
1920 2538 2003 2572 me
2020 2524 2105 2571 vi·-

219 2616 390 2679 debv’t,
429 2622 483 2667 et
508 2620 666 2668 vivet.
739 2616 927 2668 Reddit
946 2616 1103 2680 igitur
1121 2616 1375 2667 rationem
1394 2618 1625 2683 opinioni
1644 2616 1811 2668 Mosis
1834 2623 2107 2667 consenta-

221 2708 400 2753 neam;
443 2708 546 2745 non
575 2695 712 2745 enim
743 2694 890 2756 dicit,
929 2692 982 2743 id
1004 2707 1060 2743 ex
1081 2700 1222 2758 parte
1243 2694 1443 2744 divinae
1463 2701 1677 2745 naturae
1697 2694 1961 2761 implicare
1980 2707 2106 2743 con-

219 2770 573 2822 tradictionem
590 2812 603 2833 ,
643 2778 702 2821 ut
719 2786 802 2822 res
821 2784 991 2822 revera
1012 2785 1070 2821 se
1089 2769 1270 2833 habet,
1310 2770 1402 2821 sed
1423 2770 1474 2821 id
1497 2772 1789 2835 contingere
1820 2786 1921 2822 non
1952 2784 2107 2835 posse

221 2856 430 2915 propter
455 2848 734 2900 humanam
766 2846 1190 2899 imbecillitatem.
1262 2850 1349 2899 44.
1389 2849 1545 2899 Porro
1565 2856 1624 2899 ιιι
1641 2848 1939 2899 Deus-Mosi
1963 2861 2105 2898 reve-

221 2946 316 2955 ——-——

322 2984 364 3034 1)
403 2983 492 3027 les.
513 2994 619 3038 cap.
637 2984 678 3024 6.
1676 3006 1714 3016 -

319 3044 364 3091 2)
400 3043 569 3087 Ezech.
591 3054 696 3098 cap.
718 3043 755 3083 1.

318 3104 366 3153 3)
404 3102 524 3145 Dan.
545 3114 647 3157 cap.
668 3104 709 3143 7.

320 3162 364 3215 ι)
399 3161 546 3206 Exod.
565 3164 636 3219 ³³,
655 3164 721 3203 2⁰.
