2548 3485
402 203 440 263 6
803 205 1194 252 ΤΒΑΟΤΑΤῘῙΒ
1231 203 1631 251 ΤΗΕΟῘΏΕῙΟΟ
1644 233 1669 243 -
1679 207 1889 252 PoLI‘r.

397 385 524 438 nihil
555 384 786 438 libertate
815 386 984 438 carius
1011 399 1108 437 nec
1138 384 1345 438 dulcius
1376 384 1620 450 habetur,
1660 401 1745 436 me
1775 399 1885 436 rem
1904 398 2008 436 non
2028 384 2280 450 ingratam

399 479 566 530 neque
593 463 833 516 inutilem
868 463 1122 515 facturum
1161 465 1388 525 credidi,
1432 466 1479 516 si
1516 463 1839 514 ostenderem
1879 462 2036 514 hanc
2071 461 2283 514 liber-

402 547 595 592 tatem
631 555 756 591 non
791 549 1040 592 tantum
1078 540 1256 594 salva
1294 544 1539 609 pietate
1575 548 1637 592 et
1680 538 2087 606 reipublicae
2128 555 2287 606 pace

397 618 696 681 concedi,
737 619 855 669 sed
881 621 1157 686 insuper
1181 619 1445 670 eandem
1472 631 1602 670 non
1630 619 1758 668 nisi
1789 630 1927 670 cum
1961 619 2105 684 ipsa
2130 632 2288 684 pace

393 694 810 761 reipublicae
845 708 914 748 ac
947 697 1191 762 pietate
1225 696 1371 747 tolli
1407 710 1617 762 posse.
1693 696 1779 748 13.
1814 694 1989 761 Atque
2010 695 2105 749 hoc
2132 710 2287 762 prae-

397 775 611 839 cipuum
631 779 736 835 est,
775 773 916 840 quod
937 775 991 823 in
1012 772 1109 824 hoc
1128 779 1347 824 tractatu
1368 773 1722 824 demonstrare
1742 773 2013 832 coustitui3
2056 772 2119 823 ad
2140 773 2283 840 quod

397 850 628 915 apprime
657 864 870 902 neeesse
900 850 1026 912 fuit,
1065 852 1424 916 praecipua
1463 851 1631 901 circa
1666 850 2055 916 religionem
2092 863 2287 916 prae-

395 926 672 991 iudicia,
723 927 820 978 hoc
855 933 962 990 est,
1013 928 1256 994 antiquae
1306 926 1565 978 servitutis
1609 927 1817 992 vestigia
1863 926 2120 989 indicare,
2170 935 2287 978 tum

398 1005 551 1056 etiam
597 1004 1010 1071 praeiudicia
1057 1005 1224 1054 circa
1267 1017 1663 1056 summarum
1710 1011 2114 1070 potestatum
2150 1005 2285 1066 iuS‚

293 1091 300 1100 “
398 1081 540 1147 quod
559 1080 706 1132 multi
724 1082 1089 1149 procacissima
1107 1081 1332 1146 quadam
1352 1079 1557 1132 lieentia
1578 1096 1763 1147 magna
1782 1096 1841 1132 ex
1863 1087 2010 1147 parte
2038 1081 2282 1147 arripere,

397 1164 448 1208 et
477 1159 650 1224 specie
678 1158 938 1224 religionis
967 1157 1315 1208 multitudinis
1334 1158 1569 1208 animum
1589 1198 1603 1219 ‚
1641 1158 1909 1224 gentilium
1930 1159 2287 1223 superstitioni

398 1232 902 1294 adhuc'ohnoxium‚
939 1233 1004 1286 ab
1038 1234 1225 1285 iisdem
1255 1242 1477 1287 avertere
1502 1236 1739 1297 student,
1781 1249 1887 1300 quo
1905 1236 2077 1286 omnia
2095 1235 2286 1286 iterum

397 1311 452 1361 in
471 1313 733 1364 servitium
753 1319 922 1363 ruant.
996 1312 1138 1362 Haec
1157 1318 1331 1363 autem
1350 1327 1455 1377 quo
1477 1311 1653 1362 ordine
1688 1311 2033 1363 ostenduntur
2050 1351 2063 1373 ,
2104 1312 2285 1378 paucis

397 1389 501 1439 iam
519 1387 707 1441 dicam.
745 1389 849 1442 Sed
871 1390 1014 1455 prius
1035 1403 1238 1453 causaS,
1257 1403 1391 1455 quae
1406 1401 1487 1440 me
1504 1389 1568 1440 ad
1588 1388 1923 1442 scribendum
1941 1389 2283 1456 impulerunt,

397 1464 614 1518 docebo.
1292 1478 1294 1480 ·

363 1530 372 1538 ’
504 1543 586 1595 14.
630 1543 852 1596 Miratus
889 1557 1044 1610 saepe
1083 1542 1156 1595 fui
1171 1582 1186 1605 ‚
1225 1541 1367 1608 quod
1406 1543 1671 1604 homineS‚
1710 1544 1803 1609 qui
1840 1558 1897 1594 se
1936 1543 2280 1596 Christianam

397 1620 697 1686 religionem
715 1618 941 1686 profiteri
960 1621 1177 1683 iactant,
1217 1618 1316 1672 hoc
1335 1627 1438 1681 est,
1476 1635 1729 1682 amorem,
1770 1620 2037 1686 gaudium,
2078 1633 2279 1686 pacem,

399 1698 766 1749 continentiam
788 1703 838 1749 et
857 1709 976 1763 erga
995 1711 1178 1749 omnes
1198 1696 1375 1760 fldem,
1414 1697 1533 1764 plus
1554 1711 1709 1763 quam
1731 1698 1909 1763 iniquo
1928 1698 2098 1749 animo
2118 1703 2286 1749 certa*

397 1781 513 1827 rent
529 1780 580 1825 et
599 1773 994 1826 acerbissimum
1013 1775 1067 1827 in
1085 1776 1303 1827 invicem
1324 1774 1505 1825 odium
1523 1775 1755 1841 quotidie
1780 1782 2095 1836 exercerent,
2136 1776 2205 1825 ita
2224 1784 2284 1825 ut

398 1851 604 1903 facilius
638 1866 698 1903 ex
726 1850 836 1915 his,
878 1865 1036 1918 quam
1067 1850 1196 1914 illis,
1238 1850 1367 1903 fides
1399 1852 1815 1917 uniuscuiusque
1844 1859 2103 1903 noscatur.
2171 1853 2286 1904 Iam

397 1926 599 1979 dudum
619 1928 758 1980 enim
779 1942 862 1979 res
879 1942 944 1979 eo
961 1928 1210 1994 pervenit,
1247 1935 1310 1979 ut
1327 1930 1585 1980 neminem
1606 1929 1731 1991 fere,
1772 1929 2014 1994 quisnam
2032 1930 2119 1991 sit,
2154 1943 2282 1980 num

346 1998 361 2019 ¹
398 2006 594 2057 seilicet
610 2005 954 2067 Christianus,
984 2007 1168 2065 Tarsa,
1199 2004 1425 2056 Iudaeus
1445 2005 1521 2057 vel
1541 2005 1814 2068 Ethnicus,
1853 2019 2065 2058 noscere
2084 2006 2281 2071 possiS,

399 2081 578 2134 nisiex
599 2083 828 2149 eorporis
857 2089 1060 2133 externo
1088 2080 1270 2133 habitu
1300 2089 1353 2133 et
1380 2082 1552 2145 cultu,
1591 2084 1669 2135 vel
1694 2083 1837 2149 quod
1866 2083 1998 2135 hauc
2025 2090 2114 2134 aut
2141 2082 2282 2135 illam

397 2157 666 2211 ecclesiam
688 2158 1007 2225 frequentat,
1042 2158 1120 2210 vel
1137 2159 1391 2225 denique,
1434 2158 1573 2226 quod
1594 2160 1714 2212 huic
1732 2168 1822 2211 aut
1839 2160 1912 2211 illi
1932 2160 2165 2227 opinioni
2184 2159 2285 2212 ad-

399 2235 568 2288 dictus
598 2246 679 2289 est
705 2237 828 2288 etin
848 2235 1001 2289 verba
1023 2236 1243 2289 alicuius
1265 2238 1491 2302 magistri
1513 2238 1679 2287 iurare
1698 2237 1850 2290 solet.
1922 2238 2162 2291 Ceterum
2183 2238 2284 2290 vita

397 2312 577 2365 eadem
597 2312 842 2365 omnibus
861 2320 960 2365 est.
1035 2315 1118 2366 15.
1157 2314 1332 2365 Huius
1350 2313 1504 2380 igitur
1524 2313 1646 2366 mali
1667 2328 1879 2367 causam
1898 2330 2155 2382 quaerens
2176 2329 2281 2367 non

399 2390 647 2453 dubitavi,
679 2392 806 2457 quin
825 2390 950 2442 inde
967 2399 1138 2443 ortum
1157 2390 1332 2453 fuerit,
1356 2391 1497 2457 quod
1520 2390 1767 2444 ecclesiae
1786 2393 2089 2454 ministeria,
2112 2390 2285 2456 digni-—

398 2474 528 2518 tates
553 2475 606 2519 et
632 2469 745 2519 eius
775 2467 939 2520 officia
965 2466 1214 2520 beneficia
1237 2470 1511 2519 aestimare
1539 2475 1591 2520 et
1609 2477 1842 2535 pastores
1862 2482 2069 2521 summo
2087 2465 2284 2519 honore

314 2564 330 2575 ⁴
397 2543 586 2596 habere
602 2584 616 2607 ,
649 2544 803 2611 vulgo
823 2545 1056 2611 religioni
1075 2544 1194 2597 fuit.
1267 2545 1497 2597 Simulac
1517 2547 1656 2597 enim
1676 2546 1759 2597 hic
1778 2545 1977 2597 abusus
1998 2546 2050 2595 in
2070 2545 2285 2597 ecclesia

396 2623 616 2688 incepit,
654 2623 826 2674 statim
855 2623 1086 2689 pessimo
1114 2624 1303 2688 cuique
1328 2624 1514 2688 ingens
1531 2622 1697 2674 libido
1716 2636 1856 2674 sacra
1874 2621 2039 2675 officia
2058 2621 2287 2673 admini-

397 2699 594 2751 strandi
621 2699 862 2764 incessit,
901 2706 953 2751 et
979 2713 1123 2752 amor
1151 2700 1357 2751 divinae
1378 2701 1637 2766 religionis
1658 2699 2017 2766 propagandae
2036 2700 2090 2749 in
2112 2698 2287 2750 sordi-

399 2776 520 2827 dam
547 2776 807 2829 avaritiam
837 2784 888 2829 et
915 2776 1276 2843 ambitionem,
1312 2784 1469 2842 atque
1495 2779 1565 2828 ita
1593 2778 1765 2843 ipsum
1786 2776 2041 2842 templum
2059 2777 2113 2827 in
2134 2774 2288 2829 thea-

398 2859 537 2904 trum
561 2853 900 2920 degeneravit,
937 2854 1034 2905 'ubi
1053 2868 1157 2905 non
1178 2855 1511 2907 ecclesiastici
1530 2854 1787 2916 doctoreS,
1825 2854 1921 2907 sed
1939 2860 2165 2906 oratores
2185 2868 2287 2906 au-

336 2920 349 2937 ⁴
399 2930 703 2992 diebantur,
742 2945 962 2996 quorum
993 2944 1146 2983 nemo
1176 2931 1433 2983 desiderio
1463 2928 1731 2983 tenebatur
1759 2932 2011 2997 populum
2038 2929 2282 2995 docendi,

400 3007 493 3059 sed
521 3006 744 3057 eundem
773 3009 830 3059 in
850 3008 1241 3061 admirationem
1261 3009 1346 3061 sui
1366 3006 1595 3074 rapiendi
1616 3015 1667 3059 et
1686 3008 2050 3061 dissentientes
2068 3006 2285 3074 publice

399 3083 670 3148 carpendi,
711 3091 763 3135 et
789 3100 848 3136 ea
874 3091 1071 3136 tantum
1092 3084 1339 3148 docendi,
1381 3100 1515 3151 quae
1533 3099 1663 3137 nova
1682 3100 1742 3137 ac
1761 3086 1965 3138 insolita
1983 3126 1997 3147 ,
2038 3098 2283 3151 quaeque

399 3160 586 3226 vulgus
607 3162 821 3214 maxime
839 3162 1193 3215 admiraretur.
1250 3162 1399 3216 Unde
1416 3162 1645 3230 profecto
1664 3177 1881 3231 magnae
1898 3164 2283 3227 contentiones,
