2548 3485
1022 203 1399 252 PRAEFATIO.
2072 199 2099 253 1
2117 198 2143 251 1

267 390 318 437 et
339 396 557 445 omna,
597 383 688 449 qui
708 380 892 434 iisdem
914 394 1032 433 cum
1051 382 1202 448 vulgo
1221 380 1487 433 affectibus
1516 381 1893 443 conflictantur,
1931 381 1997 432 nd
2024 378 2149 431 hoec

266 460 483 527 legenda
514 475 619 511 non
650 461 834 523 invito,
874 460 1001 526 quin
1031 460 1204 525 potius
1232 458 1443 523 vellem,
1484 467 1540 511 ut
1568 458 1706 510 hunc
1727 457 1915 510 librum
1935 472 2147 525 prorsus

266 540 540 605 negligant,
574 552 732 604 quam
751 537 975 589 eundem
995 550 1249 603 perverse,
1283 542 1341 587 ut
1358 537 1530 589 omnia
1548 536 1734 600 solent,
1765 536 2147 604 interpretando

267 615 472 667 molesti
493 616 624 679 sint,
665 622 716 666 et
735 615 860 668 dum
888 613 989 665 sibi
1009 613 1137 665 nihil
1157 621 1403 680 prosunt,
1441 614 1555 666 aliis
1574 613 1773 678 obsint,
1814 614 1903 680 qui
1932 612 2147 666 liberius

267 692 778 759 philosopharentur,
819 692 920 743 nisi
945 692 1044 743 hoe
1061 706 1228 743 unum
1246 690 1504 755 obstaret,
1537 691 1675 758 quod
1696 698 1879 758 putant
1896 692 2145 743 rationem

268 770 459 823 dehere
479 770 762 835 theologiae
781 768 1025 821 ancillari.
1097 770 1226 821 Nam
1257 768 1337 820 his
1358 768 1454 820 hoc
1473 784 1605 836 opus
1625 784 1872 836 perquam
1894 770 2019 820 utile
2036 768 2149 820 fore

267 845 495 898 confido.

369 924 460 975 35.
487 924 722 977 Ceterum
744 923 988 989 quoniam
1009 922 1186 974 multis
1207 936 1300 973 neo
1320 924 1480 974 otium
1502 937 1597 975 nec
1614 924 1819 974 animus
1840 922 2013 975 forsan
2033 924 2145 986 erit,

266 1001 442 1051 omnia
463 1001 736 1067 perlegere,
759 1014 912 1067 cogor
929 1000 1012 1051 hio
1031 1000 1184 1051 etiam
1203 1006 1263 1051 ut
1280 1001 1335 1051 iu
1354 999 1455 1050 fine
1472 999 1632 1051 huius
1654 1006 1896 1051 tractatus
1916 1014 2145 1062 monere,

263 1092 351 1129 me
379 1078 508 1129 nihil
536 1077 788 1140 scrihere,
827 1077 966 1143 quod
997 1092 1100 1128 non
1119 1076 1461 1127 libentissime
1480 1077 1697 1127 examini
1716 1084 1767 1127 et
1787 1077 1977 1128 iudicio
1998 1092 2148 1128 sum-

265 1169 470 1206 marum
492 1160 802 1221 potestatum
820 1155 1015 1220 patriae
1035 1168 1178 1205 meae
1199 1152 1489 1204 subiiciam.
1560 1154 1691 1205 Nam
1722 1153 1911 1219 siquid
1940 1153 2143 1216 horum,

266 1246 401 1297 quae
431 1231 576 1295 dico,
617 1230 920 1282 iudicabunt
946 1231 1124 1297 patriis
1152 1229 1355 1295 legibus
1376 1244 1660 1295 repugnare
1680 1230 1757 1281 vel
1776 1233 2041 1284 communi
2060 1246 2147 1283 so-

262 1309 358 1360 luti
379 1308 588 1372 obesse,
608 1308 664 1359 id
685 1322 780 1374 ego
796 1307 1044 1361 indictum
1067 1307 1201 1360 volo.
1255 1307 1375 1359 Scio
1393 1321 1477 1358 me
1498 1307 1757 1358 hominem
1775 1321 1893 1359 esse
1910 1316 1962 1359 et
1980 1322 2145 1360 errare

262 1388 528 1452 potuisse:
567 1401 632 1437 ne
663 1392 834 1437 autem
864 1399 1083 1437 errarem
1103 1382 1288 1435 sedulo
1307 1385 1505 1446 curavi,
1546 1391 1595 1435 et
1613 1386 1868 1450 opprime,
1911 1392 1972 1435 nt
1991 1387 2144 1451 quic-

263 1463 392 1529 quid
413 1461 721 1525 scriberem,
747 1461 948 1530 legibus
968 1462 1185 1528 patriae,
1217 1462 1391 1527 pietati
1410 1460 1665 1527 bonisque
1684 1460 1915 1512 moribus
1933 1463 2143 1513 omnino

261 1540 618 1607 responderet.
