<?xml version="1.0" encoding="UTF-8"?>
<!DOCTYPE html PUBLIC "-//W3C//DTD XHTML 1.0 Transitional//EN"
    "http://www.w3.org/TR/xhtml1/DTD/xhtml1-transitional.dtd">
<html xmlns="http://www.w3.org/1999/xhtml" xml:lang="en" lang="en">
 <head>
  <title>
</title>
<meta http-equiv="Content-Type" content="text/html;charset=utf-8" />
  <meta name='ocr-system' content='tesseract 3.04.00' />
  <meta name='ocr-capabilities' content='ocr_page ocr_carea ocr_par ocr_line ocrx_word'/>
</head>
<body>
  <div class='ocr_page' id='page_1' title='image "benedictidespin05brudgoog_0093.png"; bbox 0 0 2548 3485; ppageno 0'>
   <div class='ocr_carea' id='block_1_1' title="bbox 1109 193 2193 268">
    <p class='ocr_par' dir='ltr' id='par_1_1' title="bbox 1109 193 2193 268">
     <span class='ocr_line' id='line_1_1' title="bbox 1109 193 2193 268; baseline -0.001 -27"><span class='ocrx_word' id='word_1_1' title='bbox 1109 193 1248 241; x_wconf 62' lang='lat' dir='ltr'><strong>CAR.</strong></span> <span class='ocrx_word' id='word_1_2' title='bbox 1300 193 1387 240; x_wconf 78' lang='lat' dir='ltr'><strong>lv·</strong></span> <span class='ocrx_word' id='word_1_3' title='bbox 2113 208 2193 268; x_wconf 70' lang='lat'><strong>69</strong></span> 
     </span>
    </p>
   </div>
   <div class='ocr_carea' id='block_1_2' title="bbox 276 389 2199 3077">
    <p class='ocr_par' dir='ltr' id='par_1_2' title="bbox 276 389 2199 3077">
     <span class='ocr_line' id='line_1_2' title="bbox 303 389 2197 460; baseline 0 -18"><span class='ocrx_word' id='word_1_4' title='bbox 303 390 394 458; x_wconf 85' lang='lat' dir='ltr'><strong>(ut</strong></span> <span class='ocrx_word' id='word_1_5' title='bbox 411 391 465 442; x_wconf 89' lang='lat' dir='ltr'><strong>in</strong></span> <span class='ocrx_word' id='word_1_6' title='bbox 484 403 596 456; x_wconf 89' lang='lat' dir='ltr'><strong>cap.</strong></span> <span class='ocrx_word' id='word_1_7' title='bbox 631 391 680 443; x_wconf 91' lang='lat'><strong>1.</strong></span> <span class='ocrx_word' id='word_1_8' title='bbox 693 390 752 460; x_wconf 87' lang='grc'><strong>*)</strong></span> <span class='ocrx_word' id='word_1_9' title='bbox 771 389 1156 457; x_wconf 86' lang='lat' dir='ltr'><strong>ostendimus),</strong></span> <span class='ocrx_word' id='word_1_10' title='bbox 1195 391 1350 442; x_wconf 86' lang='lat' dir='ltr'><strong>sicuti</strong></span> <span class='ocrx_word' id='word_1_11' title='bbox 1372 395 1489 441; x_wconf 86' lang='lat' dir='ltr'><strong>ante</strong></span> <span class='ocrx_word' id='word_1_12' title='bbox 1508 404 1599 455; x_wconf 88' lang='lat' dir='ltr'><strong>per</strong></span> <span class='ocrx_word' id='word_1_13' title='bbox 1616 391 1828 455; x_wconf 85' lang='lat' dir='ltr'><strong>angelos</strong></span> <span class='ocrx_word' id='word_1_14' title='bbox 1845 429 1859 452; x_wconf 90' lang='lat'><strong>,</strong></span> <span class='ocrx_word' id='word_1_15' title='bbox 1897 405 2084 458; x_wconf 80' lang='lat' dir='ltr'>nempe</span> <span class='ocrx_word' id='word_1_16' title='bbox 2101 407 2197 458; x_wconf 86' lang='lat' dir='ltr'><strong>per</strong></span> 
     </span>
     <span class='ocr_line' id='line_1_3' title="bbox 305 466 2192 534; baseline -0.002 -13"><span class='ocrx_word' id='word_1_17' title='bbox 305 482 482 521; x_wconf 89' lang='lat' dir='ltr'><strong>vocem</strong></span> <span class='ocrx_word' id='word_1_18' title='bbox 503 475 754 530; x_wconf 86' lang='lat' dir='ltr'><strong>creatam,</strong></span> <span class='ocrx_word' id='word_1_19' title='bbox 795 468 1020 520; x_wconf 79' lang='lat' dir='ltr'><strong>visiones</strong></span> <span class='ocrx_word' id='word_1_20' title='bbox 1039 473 1138 521; x_wconf 89' lang='lat' dir='ltr'><strong>etc.</strong></span> <span class='ocrx_word' id='word_1_21' title='bbox 1155 507 1168 530; x_wconf 93' lang='lat'><strong>,</strong></span> <span class='ocrx_word' id='word_1_22' title='bbox 1211 466 1462 534; x_wconf 88' lang='lat' dir='ltr'><strong>quaedam</strong></span> <span class='ocrx_word' id='word_1_23' title='bbox 1490 467 1715 519; x_wconf 82' lang='lat' dir='ltr'><strong>humano</strong></span> <span class='ocrx_word' id='word_1_24' title='bbox 1743 469 1917 534; x_wconf 83' lang='lat' dir='ltr'><strong>generi</strong></span> <span class='ocrx_word' id='word_1_25' title='bbox 1938 469 2192 520; x_wconf 86' lang='lat' dir='ltr'><strong>revelavit.</strong></span> 
     </span>
     <span class='ocr_line' id='line_1_4' title="bbox 306 545 2194 613; baseline -0.001 -16"><span class='ocrx_word' id='word_1_26' title='bbox 306 547 633 613; x_wconf 84' lang='lat' dir='ltr'><strong>Quapropter</strong></span> <span class='ocrx_word' id='word_1_27' title='bbox 659 559 824 611; x_wconf 87' lang='lat' dir='ltr'><strong>aeque</strong></span> <span class='ocrx_word' id='word_1_28' title='bbox 851 560 880 595; x_wconf 89' lang='lat' dir='ltr'><strong>a</strong></span> <span class='ocrx_word' id='word_1_29' title='bbox 918 545 1112 596; x_wconf 86' lang='lat' dir='ltr'><strong>ratione</strong></span> <span class='ocrx_word' id='word_1_30' title='bbox 1147 545 1375 596; x_wconf 87' lang='lat' dir='ltr'><strong>alienum</strong></span> <span class='ocrx_word' id='word_1_31' title='bbox 1412 552 1577 606; x_wconf 86' lang='lat' dir='ltr'><strong>esset,</strong></span> <span class='ocrx_word' id='word_1_32' title='bbox 1614 550 1837 596; x_wconf 80' lang='lat' dir='ltr'><strong>statuere</strong></span> <span class='ocrx_word' id='word_1_33' title='bbox 1862 546 2031 599; x_wconf 82' lang='lat' dir='ltr'><strong>Deum</strong></span> <span class='ocrx_word' id='word_1_34' title='bbox 2070 561 2194 596; x_wconf 85' lang='lat' dir='ltr'><strong>suas</strong></span> 
     </span>
     <span class='ocr_line' id='line_1_5' title="bbox 276 621 2195 688; baseline -0.001 -15"><span class='ocrx_word' id='word_1_35' title='bbox 276 623 638 675; x_wconf 75' lang='lat' dir='ltr'><strong>-revelationes</strong></span> <span class='ocrx_word' id='word_1_36' title='bbox 667 621 1006 688; x_wconf 81' lang='lat' dir='ltr'>opinionibus</span> <span class='ocrx_word' id='word_1_37' title='bbox 1035 621 1225 674; x_wconf 79' lang='lat' dir='ltr'><strong>Christi</strong></span> <span class='ocrx_word' id='word_1_38' title='bbox 1253 623 1755 685; x_wconf 77' lang='lat' dir='ltr'><strong>accommodavisse,</strong></span> <span class='ocrx_word' id='word_1_39' title='bbox 1792 636 1851 673; x_wconf 88' lang='lat' dir='ltr'><strong>ac</strong></span> <span class='ocrx_word' id='word_1_40' title='bbox 1881 622 2019 686; x_wconf 89' lang='lat' dir='ltr'><strong>quod</strong></span> <span class='ocrx_word' id='word_1_41' title='bbox 2050 623 2195 673; x_wconf 86' lang='lat' dir='ltr'><strong>Deus</strong></span> 
     </span>
     <span class='ocr_line' id='line_1_6' title="bbox 309 698 2197 766; baseline -0.001 -14"><span class='ocrx_word' id='word_1_42' title='bbox 309 706 457 752; x_wconf 82' lang='lat' dir='ltr'><strong>antea</strong></span> <span class='ocrx_word' id='word_1_43' title='bbox 477 713 602 752; x_wconf 88' lang='lat' dir='ltr'><strong>suas</strong></span> <span class='ocrx_word' id='word_1_44' title='bbox 623 699 959 751; x_wconf 76' lang='lat' dir='ltr'><strong>revelationes</strong></span> <span class='ocrx_word' id='word_1_45' title='bbox 979 700 1313 766; x_wconf 84' lang='lat' dir='ltr'><strong>opinionibus</strong></span> <span class='ocrx_word' id='word_1_46' title='bbox 1332 698 1651 764; x_wconf 86' lang='lat' dir='ltr'><strong>angelorum,</strong></span> <span class='ocrx_word' id='word_1_47' title='bbox 1673 699 1771 751; x_wconf 85' lang='lat' dir='ltr'><strong>hoc</strong></span> <span class='ocrx_word' id='word_1_48' title='bbox 1791 705 1871 750; x_wconf 86' lang='lat' dir='ltr'><strong>est</strong></span> <span class='ocrx_word' id='word_1_49' title='bbox 1890 699 2029 750; x_wconf 85' lang='lat' dir='ltr'><strong>vocis</strong></span> <span class='ocrx_word' id='word_1_50' title='bbox 2051 713 2197 750; x_wconf 91' lang='lat' dir='ltr'><strong>crea-</strong></span> 
     </span>
     <span class='ocr_line' id='line_1_7' title="bbox 306 776 2195 842; baseline -0.001 -14"><span class='ocrx_word' id='word_1_51' title='bbox 306 785 386 828; x_wconf 90' lang='lat' dir='ltr'><strong>tae</strong></span> <span class='ocrx_word' id='word_1_52' title='bbox 425 785 476 828; x_wconf 87' lang='lat' dir='ltr'><strong>et</strong></span> <span class='ocrx_word' id='word_1_53' title='bbox 513 778 798 839; x_wconf 88' lang='lat' dir='ltr'><strong>visionum,</strong></span> <span class='ocrx_word' id='word_1_54' title='bbox 849 776 1333 838; x_wconf 73' lang='lat' dir='ltr'><strong>accommodaverit,</strong></span> <span class='ocrx_word' id='word_1_55' title='bbox 1383 783 1443 827; x_wconf 88' lang='lat' dir='ltr'><strong>ut</strong></span> <span class='ocrx_word' id='word_1_56' title='bbox 1476 791 1559 826; x_wconf 88' lang='lat' dir='ltr'><strong>res</strong></span> <span class='ocrx_word' id='word_1_57' title='bbox 1598 777 1895 828; x_wconf 84' lang='lat' dir='ltr'><strong>revelandas</strong></span> <span class='ocrx_word' id='word_1_58' title='bbox 1931 777 2195 842; x_wconf 86' lang='lat' dir='ltr'><strong>prophetis</strong></span> 
     </span>
     <span class='ocr_line' id='line_1_8' title="bbox 307 852 2197 920; baseline 0 -16"><span class='ocrx_word' id='word_1_59' title='bbox 307 855 738 915; x_wconf 78' lang='lat' dir='ltr'><strong>communicaret,</strong></span> <span class='ocrx_word' id='word_1_60' title='bbox 780 869 886 919; x_wconf 90' lang='lat' dir='ltr'><strong>quo</strong></span> <span class='ocrx_word' id='word_1_61' title='bbox 915 854 1126 920; x_wconf 86' lang='lat' dir='ltr'><strong>quidem</strong></span> <span class='ocrx_word' id='word_1_62' title='bbox 1159 853 1286 905; x_wconf 89' lang='lat' dir='ltr'><strong>nihil</strong></span> <span class='ocrx_word' id='word_1_63' title='bbox 1316 852 1595 905; x_wconf 71' lang='lat' dir='ltr'><strong>absurdius</strong></span> <span class='ocrx_word' id='word_1_64' title='bbox 1622 855 1779 906; x_wconf 86' lang='lat' dir='ltr'><strong>statui</strong></span> <span class='ocrx_word' id='word_1_65' title='bbox 1798 861 1975 920; x_wconf 87' lang='lat' dir='ltr'><strong>posset</strong></span> <span class='ocrx_word' id='word_1_66' title='bbox 1988 869 2011 914; x_wconf 71' lang='grc' dir='ltr'><strong>ς,</strong></span> <span class='ocrx_word' id='word_1_67' title='bbox 2044 869 2197 919; x_wconf 82' lang='lat' dir='ltr'><strong>prae-</strong></span> 
     </span>
     <span class='ocr_line' id='line_1_9' title="bbox 305 929 2195 998; baseline 0 -16"><span class='ocrx_word' id='word_1_68' title='bbox 305 933 485 982; x_wconf 78' lang='lat' dir='ltr'><strong>sertim</strong></span> <span class='ocrx_word' id='word_1_69' title='bbox 517 945 680 998; x_wconf 88' lang='lat' dir='ltr'><strong>qnum</strong></span> <span class='ocrx_word' id='word_1_70' title='bbox 716 945 819 982; x_wconf 90' lang='lat' dir='ltr'><strong>non</strong></span> <span class='ocrx_word' id='word_1_71' title='bbox 847 931 911 981; x_wconf 86' lang='lat' dir='ltr'><strong>ad</strong></span> <span class='ocrx_word' id='word_1_72' title='bbox 941 931 1083 982; x_wconf 90' lang='lat' dir='ltr'><strong>solos</strong></span> <span class='ocrx_word' id='word_1_73' title='bbox 1112 929 1361 992; x_wconf 77' lang='lat' dir='ltr'><strong>IudaeoS,</strong></span> <span class='ocrx_word' id='word_1_74' title='bbox 1402 931 1495 981; x_wconf 89' lang='lat' dir='ltr'><strong>sed</strong></span> <span class='ocrx_word' id='word_1_75' title='bbox 1524 937 1688 981; x_wconf 91' lang='lat' dir='ltr'><strong>totum</strong></span> <span class='ocrx_word' id='word_1_76' title='bbox 1721 929 2004 982; x_wconf 86' lang='lat' dir='ltr'><strong>humanum</strong></span> <span class='ocrx_word' id='word_1_77' title='bbox 2029 945 2195 996; x_wconf 81' lang='lat' dir='ltr'><strong>genus</strong></span> 
     </span>
     <span class='ocr_line' id='line_1_10' title="bbox 307 1007 2196 1072; baseline -0.001 -12"><span class='ocrx_word' id='word_1_78' title='bbox 307 1008 598 1060; x_wconf 84' lang='lat' dir='ltr'><strong>docendum</strong></span> <span class='ocrx_word' id='word_1_79' title='bbox 638 1009 836 1058; x_wconf 88' lang='lat' dir='ltr'><strong>missus</strong></span> <span class='ocrx_word' id='word_1_80' title='bbox 876 1009 1059 1069; x_wconf 85' lang='lat' dir='ltr'><strong>fuerit,</strong></span> <span class='ocrx_word' id='word_1_81' title='bbox 1109 1007 1482 1072; x_wconf 86' lang='lat' dir='ltr'><strong>adeoque-non</strong></span> <span class='ocrx_word' id='word_1_82' title='bbox 1523 1008 1647 1058; x_wconf 83' lang='lat' dir='ltr'><strong>satis</strong></span> <span class='ocrx_word' id='word_1_83' title='bbox 1684 1014 1818 1071; x_wconf 88' lang='lat' dir='ltr'><strong>erat,</strong></span> <span class='ocrx_word' id='word_1_84' title='bbox 1866 1017 1924 1058; x_wconf 90' lang='lat' dir='ltr'><strong>ut</strong></span> <span class='ocrx_word' id='word_1_85' title='bbox 1969 1015 2196 1060; x_wconf 81' lang='lat' dir='ltr'><strong>mentem</strong></span> 
     </span>
     <span class='ocr_line' id='line_1_11' title="bbox 309 1082 2198 1152; baseline 0 -16"><span class='ocrx_word' id='word_1_86' title='bbox 309 1086 642 1152; x_wconf 81' lang='lat' dir='ltr'><strong>opinionibus</strong></span> <span class='ocrx_word' id='word_1_87' title='bbox 663 1085 972 1136; x_wconf 87' lang='lat' dir='ltr'><strong>Iudaeorum</strong></span> <span class='ocrx_word' id='word_1_88' title='bbox 996 1091 1195 1135; x_wconf 87' lang='lat' dir='ltr'><strong>tantum</strong></span> <span class='ocrx_word' id='word_1_89' title='bbox 1225 1082 1662 1135; x_wconf 84' lang='lat' dir='ltr'><strong>accommodatam</strong></span> <span class='ocrx_word' id='word_1_90' title='bbox 1694 1085 1927 1146; x_wconf 85' lang='lat' dir='ltr'><strong>baberet,</strong></span> <span class='ocrx_word' id='word_1_91' title='bbox 1968 1085 2061 1136; x_wconf 89' lang='lat' dir='ltr'><strong>sed</strong></span> <span class='ocrx_word' id='word_1_92' title='bbox 2082 1087 2198 1151; x_wconf 84' lang='lat' dir='ltr'><strong>opi—-</strong></span> 
     </span>
     <span class='ocr_line' id='line_1_12' title="bbox 311 1161 2193 1225; baseline -0.001 -12"><span class='ocrx_word' id='word_1_93' title='bbox 311 1161 550 1214; x_wconf 89' lang='lat' dir='ltr'><strong>nionibus</strong></span> <span class='ocrx_word' id='word_1_94' title='bbox 588 1169 636 1212; x_wconf 90' lang='lat' dir='ltr'><strong>et</strong></span> <span class='ocrx_word' id='word_1_95' title='bbox 674 1161 998 1212; x_wconf 78' lang='lat' dir='ltr'><strong>documentis</strong></span> <span class='ocrx_word' id='word_1_96' title='bbox 1037 1161 1262 1212; x_wconf 82' lang='lat' dir='ltr'><strong>humano</strong></span> <span class='ocrx_word' id='word_1_97' title='bbox 1300 1162 1471 1225; x_wconf 77' lang='lat' dir='ltr'><strong>generi</strong></span> <span class='ocrx_word' id='word_1_98' title='bbox 1510 1161 1920 1224; x_wconf 82' lang='lat' dir='ltr'><strong>universalibus,</strong></span> <span class='ocrx_word' id='word_1_99' title='bbox 1961 1163 2057 1213; x_wconf 85' lang='lat' dir='ltr'><strong>hoc</strong></span> <span class='ocrx_word' id='word_1_100' title='bbox 2095 1169 2193 1225; x_wconf 88' lang='lat' dir='ltr'><strong>est,</strong></span> 
     </span>
     <span class='ocr_line' id='line_1_13' title="bbox 308 1237 2197 1304; baseline 0.001 -15"><span class='ocrx_word' id='word_1_101' title='bbox 308 1239 611 1290; x_wconf 87' lang='lat' dir='ltr'><strong>notionibus</strong></span> <span class='ocrx_word' id='word_1_102' title='bbox 632 1239 997 1289; x_wconf 88' lang='lat' dir='ltr'><strong>communibus</strong></span> <span class='ocrx_word' id='word_1_103' title='bbox 1018 1245 1068 1288; x_wconf 86' lang='lat' dir='ltr'><strong>et</strong></span> <span class='ocrx_word' id='word_1_104' title='bbox 1087 1237 1239 1288; x_wconf 81' lang='lat' dir='ltr'><strong>veriS.</strong></span> <span class='ocrx_word' id='word_1_105' title='bbox 1313 1239 1397 1290; x_wconf 74' lang='lat'><strong>32.</strong></span> <span class='ocrx_word' id='word_1_106' title='bbox 1435 1238 1502 1288; x_wconf 87' lang='lat' dir='ltr'><strong>Et</strong></span> <span class='ocrx_word' id='word_1_107' title='bbox 1522 1253 1647 1289; x_wconf 89' lang='lat' dir='ltr'><strong>sane</strong></span> <span class='ocrx_word' id='word_1_108' title='bbox 1667 1253 1726 1288; x_wconf 81' lang='lat' dir='ltr'><strong>ex</strong></span> <span class='ocrx_word' id='word_1_109' title='bbox 1745 1237 1859 1301; x_wconf 85' lang='lat' dir='ltr'><strong>boc,</strong></span> <span class='ocrx_word' id='word_1_110' title='bbox 1892 1239 2035 1304; x_wconf 87' lang='lat' dir='ltr'><strong>quod</strong></span> <span class='ocrx_word' id='word_1_111' title='bbox 2051 1240 2197 1290; x_wconf 83' lang='lat' dir='ltr'><strong>Deus</strong></span> 
     </span>
     <span class='ocr_line' id='line_1_14' title="bbox 309 1314 2199 1378; baseline 0 -11"><span class='ocrx_word' id='word_1_112' title='bbox 309 1315 512 1367; x_wconf 85' lang='lat' dir='ltr'><strong>Christo</strong></span> <span class='ocrx_word' id='word_1_113' title='bbox 544 1317 650 1366; x_wconf 85' lang='lat' dir='ltr'><strong>sive</strong></span> <span class='ocrx_word' id='word_1_114' title='bbox 691 1317 802 1365; x_wconf 85' lang='lat' dir='ltr'><strong>eius</strong></span> <span class='ocrx_word' id='word_1_115' title='bbox 839 1317 997 1366; x_wconf 90' lang='lat' dir='ltr'><strong>menti</strong></span> <span class='ocrx_word' id='word_1_116' title='bbox 1036 1328 1152 1365; x_wconf 87' lang='lat' dir='ltr'><strong>sese</strong></span> <span class='ocrx_word' id='word_1_117' title='bbox 1191 1314 1485 1365; x_wconf 74' lang='lat' dir='ltr'><strong>immediate</strong></span> <span class='ocrx_word' id='word_1_118' title='bbox 1523 1315 1843 1377; x_wconf 83' lang='lat' dir='ltr'><strong>revelaverit,</strong></span> <span class='ocrx_word' id='word_1_119' title='bbox 1884 1321 1934 1366; x_wconf 91' lang='lat' dir='ltr'><strong>et</strong></span> <span class='ocrx_word' id='word_1_120' title='bbox 1970 1329 2099 1378; x_wconf 88' lang='lat' dir='ltr'><strong>non,</strong></span> <span class='ocrx_word' id='word_1_121' title='bbox 2138 1323 2199 1367; x_wconf 88' lang='lat' dir='ltr'><strong>nt</strong></span> 
     </span>
     <span class='ocr_line' id='line_1_15' title="bbox 308 1391 2193 1460; baseline 0.001 -17"><span class='ocrx_word' id='word_1_122' title='bbox 308 1392 572 1460; x_wconf 82' lang='lat' dir='ltr'><strong>prophetis</strong></span> <span class='ocrx_word' id='word_1_123' title='bbox 603 1407 693 1458; x_wconf 86' lang='lat' dir='ltr'><strong>per</strong></span> <span class='ocrx_word' id='word_1_124' title='bbox 711 1391 862 1443; x_wconf 86' lang='lat' dir='ltr'><strong>verba</strong></span> <span class='ocrx_word' id='word_1_125' title='bbox 883 1399 934 1442; x_wconf 92' lang='lat' dir='ltr'><strong>et</strong></span> <span class='ocrx_word' id='word_1_126' title='bbox 952 1393 1207 1456; x_wconf 77' lang='lat' dir='ltr'><strong>imagines</strong></span> <span class='ocrx_word' id='word_1_127' title='bbox 1223 1430 1236 1453; x_wconf 93' lang='lat'><strong>,</strong></span> <span class='ocrx_word' id='word_1_128' title='bbox 1278 1391 1407 1442; x_wconf 89' lang='lat' dir='ltr'><strong>nihil</strong></span> <span class='ocrx_word' id='word_1_129' title='bbox 1428 1391 1566 1442; x_wconf 87' lang='lat' dir='ltr'><strong>aliud</strong></span> <span class='ocrx_word' id='word_1_130' title='bbox 1586 1391 1867 1456; x_wconf 83' lang='lat' dir='ltr'><strong>intelligere</strong></span> <span class='ocrx_word' id='word_1_131' title='bbox 1887 1407 2193 1458; x_wconf 81' lang='lat' dir='ltr'><strong>possumuS‚</strong></span> 
     </span>
     <span class='ocr_line' id='line_1_16' title="bbox 309 1461 2196 1536; baseline -0.001 -15"><span class='ocrx_word' id='word_1_132' title='bbox 309 1461 464 1536; x_wconf 86' lang='lat' dir='ltr'><strong>quam</strong></span> <span class='ocrx_word' id='word_1_133' title='bbox 485 1468 626 1534; x_wconf 86' lang='lat' dir='ltr'><strong>quod</strong></span> <span class='ocrx_word' id='word_1_134' title='bbox 645 1469 879 1520; x_wconf 82' lang='lat' dir='ltr'><strong>Christus</strong></span> <span class='ocrx_word' id='word_1_135' title='bbox 900 1483 982 1520; x_wconf 87' lang='lat' dir='ltr'><strong>res</strong></span> <span class='ocrx_word' id='word_1_136' title='bbox 1003 1469 1246 1520; x_wconf 88' lang='lat' dir='ltr'><strong>revelatas</strong></span> <span class='ocrx_word' id='word_1_137' title='bbox 1269 1482 1381 1519; x_wconf 89' lang='lat' dir='ltr'><strong>vere</strong></span> <span class='ocrx_word' id='word_1_138' title='bbox 1403 1469 1630 1534; x_wconf 85' lang='lat' dir='ltr'><strong>percepit</strong></span> <span class='ocrx_word' id='word_1_139' title='bbox 1648 1469 1754 1520; x_wconf 85' lang='lat' dir='ltr'><strong>sive</strong></span> <span class='ocrx_word' id='word_1_140' title='bbox 1774 1469 2044 1530; x_wconf 83' lang='lat' dir='ltr'><strong>intellexit;</strong></span> <span class='ocrx_word' id='word_1_141' title='bbox 2084 1477 2196 1520; x_wconf 86' lang='lat' dir='ltr'><strong>tum</strong></span> 
     </span>
     <span class='ocr_line' id='line_1_17' title="bbox 309 1545 2195 1613; baseline -0.001 -15"><span class='ocrx_word' id='word_1_142' title='bbox 309 1548 445 1599; x_wconf 86' lang='lat' dir='ltr'><strong>enim</strong></span> <span class='ocrx_word' id='word_1_143' title='bbox 469 1561 550 1597; x_wconf 88' lang='lat' dir='ltr'><strong>res</strong></span> <span class='ocrx_word' id='word_1_144' title='bbox 571 1545 900 1612; x_wconf 79' lang='lat' dir='ltr'><strong>intelligitur,</strong></span> <span class='ocrx_word' id='word_1_145' title='bbox 941 1561 1104 1613; x_wconf 88' lang='lat' dir='ltr'><strong>quum</strong></span> <span class='ocrx_word' id='word_1_146' title='bbox 1133 1547 1244 1613; x_wconf 87' lang='lat' dir='ltr'><strong>ipsa</strong></span> <span class='ocrx_word' id='word_1_147' title='bbox 1264 1559 1393 1611; x_wconf 86' lang='lat' dir='ltr'><strong>pura</strong></span> <span class='ocrx_word' id='word_1_148' title='bbox 1416 1553 1585 1596; x_wconf 87' lang='lat' dir='ltr'><strong>mente</strong></span> <span class='ocrx_word' id='word_1_149' title='bbox 1604 1554 1739 1598; x_wconf 79' lang='lat' dir='ltr'><strong>extra</strong></span> <span class='ocrx_word' id='word_1_150' title='bbox 1754 1545 1909 1599; x_wconf 81' lang='lat' dir='ltr'><strong>‚verba</strong></span> <span class='ocrx_word' id='word_1_151' title='bbox 1930 1554 1980 1596; x_wconf 89' lang='lat' dir='ltr'><strong>et</strong></span> <span class='ocrx_word' id='word_1_152' title='bbox 1998 1547 2195 1612; x_wconf 84' lang='lat' dir='ltr'><strong>imagi-</strong></span> 
     </span>
     <span class='ocr_line' id='line_1_18' title="bbox 309 1622 2199 1689; baseline -0.001 -15"><span class='ocrx_word' id='word_1_153' title='bbox 309 1639 401 1674; x_wconf 89' lang='lat' dir='ltr'><strong>nes</strong></span> <span class='ocrx_word' id='word_1_154' title='bbox 446 1623 743 1689; x_wconf 86' lang='lat' dir='ltr'><strong>percipitur.</strong></span> <span class='ocrx_word' id='word_1_155' title='bbox 828 1622 1128 1674; x_wconf 87' lang='lat' dir='ltr'><strong>Cbristus</strong></span> <span class='ocrx_word' id='word_1_156' title='bbox 1172 1623 1391 1688; x_wconf 88' lang='lat' dir='ltr'><strong>itaque</strong></span> <span class='ocrx_word' id='word_1_157' title='bbox 1436 1637 1536 1673; x_wconf 89' lang='lat' dir='ltr'><strong>res</strong></span> <span class='ocrx_word' id='word_1_158' title='bbox 1582 1623 1903 1674; x_wconf 86' lang='lat' dir='ltr'><strong>revelatas</strong></span> <span class='ocrx_word' id='word_1_159' title='bbox 1948 1637 2090 1674; x_wconf 85' lang='lat' dir='ltr'><strong>vere</strong></span> <span class='ocrx_word' id='word_1_160' title='bbox 2136 1631 2199 1673; x_wconf 86' lang='lat' dir='ltr'><strong>et</strong></span> 
     </span>
     <span class='ocr_line' id='line_1_19' title="bbox 305 1700 2195 1767; baseline 0 -16"><span class='ocrx_word' id='word_1_161' title='bbox 305 1700 672 1766; x_wconf 85' lang='lat' dir='ltr'><strong>adaequate</strong></span> <span class='ocrx_word' id='word_1_162' title='bbox 709 1701 1019 1767; x_wconf 85' lang='lat' dir='ltr'><strong>percepit.</strong></span> <span class='ocrx_word' id='word_1_163' title='bbox 1091 1700 1179 1751; x_wconf 82' lang='lat'><strong>33.</strong></span> <span class='ocrx_word' id='word_1_164' title='bbox 1217 1701 1273 1751; x_wconf 84' lang='lat' dir='ltr'><strong>Si</strong></span> <span class='ocrx_word' id='word_1_165' title='bbox 1310 1701 1465 1767; x_wconf 85' lang='lat' dir='ltr'><strong>igitur</strong></span> <span class='ocrx_word' id='word_1_166' title='bbox 1500 1713 1589 1751; x_wconf 80' lang='lat' dir='ltr'><strong>eas</strong></span> <span class='ocrx_word' id='word_1_167' title='bbox 1626 1707 1869 1767; x_wconf 84' lang='lat' dir='ltr'><strong>tanquam</strong></span> <span class='ocrx_word' id='word_1_168' title='bbox 1910 1700 2047 1766; x_wconf 80' lang='lat' dir='ltr'><strong>leges</strong></span> <span class='ocrx_word' id='word_1_169' title='bbox 2085 1714 2195 1751; x_wconf 86' lang='lat' dir='ltr'><strong>un-</strong></span> 
     </span>
     <span class='ocr_line' id='line_1_20' title="bbox 308 1776 2195 1845; baseline 0 -16"><span class='ocrx_word' id='word_1_170' title='bbox 308 1792 467 1843; x_wconf 83' lang='lat' dir='ltr'><strong>quam</strong></span> <span class='ocrx_word' id='word_1_171' title='bbox 497 1778 859 1843; x_wconf 79' lang='lat' dir='ltr'><strong>praescripsit,</strong></span> <span class='ocrx_word' id='word_1_172' title='bbox 899 1778 950 1829; x_wconf 92' lang='lat' dir='ltr'><strong>id</strong></span> <span class='ocrx_word' id='word_1_173' title='bbox 976 1783 1186 1844; x_wconf 87' lang='lat' dir='ltr'><strong>propter</strong></span> <span class='ocrx_word' id='word_1_174' title='bbox 1209 1776 1391 1843; x_wconf 88' lang='lat' dir='ltr'><strong>populi</strong></span> <span class='ocrx_word' id='word_1_175' title='bbox 1420 1778 1757 1843; x_wconf 80' lang='lat' dir='ltr'><strong>ignorantiam</strong></span> <span class='ocrx_word' id='word_1_176' title='bbox 1788 1785 1839 1829; x_wconf 89' lang='lat' dir='ltr'><strong>et</strong></span> <span class='ocrx_word' id='word_1_177' title='bbox 1865 1780 2195 1845; x_wconf 86' lang='lat' dir='ltr'><strong>pertinaciam</strong></span> 
     </span>
     <span class='ocr_line' id='line_1_21' title="bbox 310 1853 2198 1922; baseline 0 -17"><span class='ocrx_word' id='word_1_178' title='bbox 310 1856 446 1907; x_wconf 85' lang='lat' dir='ltr'><strong>iecit.</strong></span> <span class='ocrx_word' id='word_1_179' title='bbox 521 1854 692 1917; x_wconf 85' lang='lat' dir='ltr'><strong>Quare</strong></span> <span class='ocrx_word' id='word_1_180' title='bbox 713 1853 806 1905; x_wconf 84' lang='lat' dir='ltr'><strong>hac</strong></span> <span class='ocrx_word' id='word_1_181' title='bbox 825 1856 878 1905; x_wconf 87' lang='lat' dir='ltr'><strong>in</strong></span> <span class='ocrx_word' id='word_1_182' title='bbox 897 1868 954 1905; x_wconf 86' lang='lat' dir='ltr'><strong>re</strong></span> <span class='ocrx_word' id='word_1_183' title='bbox 972 1855 1134 1905; x_wconf 86' lang='lat' dir='ltr'><strong>vicem</strong></span> <span class='ocrx_word' id='word_1_184' title='bbox 1154 1854 1249 1905; x_wconf 88' lang='lat' dir='ltr'><strong>Dei</strong></span> <span class='ocrx_word' id='word_1_185' title='bbox 1269 1855 1455 1919; x_wconf 81' lang='lat' dir='ltr'><strong>gessit,</strong></span> <span class='ocrx_word' id='word_1_186' title='bbox 1496 1856 1636 1921; x_wconf 86' lang='lat' dir='ltr'><strong>quod</strong></span> <span class='ocrx_word' id='word_1_187' title='bbox 1659 1870 1775 1907; x_wconf 85' lang='lat' dir='ltr'><strong>sese</strong></span> <span class='ocrx_word' id='word_1_188' title='bbox 1793 1857 1999 1922; x_wconf 85' lang='lat' dir='ltr'><strong>ingenio</strong></span> <span class='ocrx_word' id='word_1_189' title='bbox 2016 1854 2198 1921; x_wconf 88' lang='lat' dir='ltr'><strong>populi</strong></span> 
     </span>
     <span class='ocr_line' id='line_1_22' title="bbox 309 1930 2199 1997; baseline 0 -14"><span class='ocrx_word' id='word_1_190' title='bbox 309 1930 732 1994; x_wconf 83' lang='lat' dir='ltr'><strong>accommodavit,</strong></span> <span class='ocrx_word' id='word_1_191' title='bbox 769 1938 822 1982; x_wconf 92' lang='lat' dir='ltr'><strong>et</strong></span> <span class='ocrx_word' id='word_1_192' title='bbox 839 1932 977 1994; x_wconf 85' lang='lat' dir='ltr'><strong>ideo,</strong></span> <span class='ocrx_word' id='word_1_193' title='bbox 1017 1932 1256 1995; x_wconf 84' lang='lat' dir='ltr'><strong>quamvis</strong></span> <span class='ocrx_word' id='word_1_194' title='bbox 1273 1930 1655 1997; x_wconf 87' lang='lat' dir='ltr'><strong>aliquantulum</strong></span> <span class='ocrx_word' id='word_1_195' title='bbox 1676 1932 1892 1995; x_wconf 79' lang='lat' dir='ltr'><strong>clariuS‚</strong></span> <span class='ocrx_word' id='word_1_196' title='bbox 1934 1947 2088 1997; x_wconf 89' lang='lat' dir='ltr'><strong>quam</strong></span> <span class='ocrx_word' id='word_1_197' title='bbox 2108 1947 2199 1983; x_wconf 87' lang='lat' dir='ltr'><strong>ce·-</strong></span> 
     </span>
     <span class='ocr_line' id='line_1_23' title="bbox 310 2006 2197 2079; baseline 0.001 -20"><span class='ocrx_word' id='word_1_198' title='bbox 310 2010 404 2060; x_wconf 83' lang='lat' dir='ltr'><strong>teri</strong></span> <span class='ocrx_word' id='word_1_199' title='bbox 424 2008 728 2074; x_wconf 83' lang='lat' dir='ltr'><strong>prophetae,</strong></span> <span class='ocrx_word' id='word_1_200' title='bbox 769 2008 972 2059; x_wconf 90' lang='lat' dir='ltr'><strong>locutus</strong></span> <span class='ocrx_word' id='word_1_201' title='bbox 993 2008 1088 2070; x_wconf 84' lang='lat' dir='ltr'><strong>sit,</strong></span> <span class='ocrx_word' id='word_1_202' title='bbox 1130 2006 1353 2079; x_wconf 83' lang='lat' dir='ltr'><strong>obscure</strong></span> <span class='ocrx_word' id='word_1_203' title='bbox 1370 2015 1541 2060; x_wconf 85' lang='lat' dir='ltr'><strong>tamen</strong></span> <span class='ocrx_word' id='word_1_204' title='bbox 1558 2049 1572 2072; x_wconf 93' lang='lat'><strong>,</strong></span> <span class='ocrx_word' id='word_1_205' title='bbox 1612 2017 1665 2061; x_wconf 89' lang='lat' dir='ltr'><strong>et</strong></span> <span class='ocrx_word' id='word_1_206' title='bbox 1694 2012 1905 2076; x_wconf 86' lang='lat' dir='ltr'><strong>saepius</strong></span> <span class='ocrx_word' id='word_1_207' title='bbox 1934 2024 2027 2077; x_wconf 89' lang='lat' dir='ltr'><strong>per</strong></span> <span class='ocrx_word' id='word_1_208' title='bbox 2044 2024 2197 2075; x_wconf 85' lang='lat' dir='ltr'><strong>para-</strong></span> 
     </span>
     <span class='ocr_line' id='line_1_24' title="bbox 309 2084 2192 2153; baseline 0 -16"><span class='ocrx_word' id='word_1_209' title='bbox 309 2085 454 2137; x_wconf 86' lang='lat' dir='ltr'><strong>bolas</strong></span> <span class='ocrx_word' id='word_1_210' title='bbox 499 2099 578 2137; x_wconf 83' lang='lat' dir='ltr'><strong>res</strong></span> <span class='ocrx_word' id='word_1_211' title='bbox 616 2085 862 2137; x_wconf 84' lang='lat' dir='ltr'><strong>revelatas</strong></span> <span class='ocrx_word' id='word_1_212' title='bbox 899 2084 1100 2147; x_wconf 84' lang='lat' dir='ltr'><strong>docuit,</strong></span> <span class='ocrx_word' id='word_1_213' title='bbox 1152 2086 1455 2151; x_wconf 87' lang='lat' dir='ltr'><strong>praesertim</strong></span> <span class='ocrx_word' id='word_1_214' title='bbox 1499 2086 1705 2151; x_wconf 90' lang='lat' dir='ltr'><strong>quando</strong></span> <span class='ocrx_word' id='word_1_215' title='bbox 1750 2088 1815 2138; x_wconf 88' lang='lat' dir='ltr'><strong>iis</strong></span> <span class='ocrx_word' id='word_1_216' title='bbox 1853 2084 2192 2153; x_wconf 87' lang='lat' dir='ltr'><strong>loquebatur,</strong></span> 
     </span>
     <span class='ocr_line' id='line_1_25' title="bbox 310 2160 2195 2229; baseline 0.001 -16"><span class='ocrx_word' id='word_1_217' title='bbox 310 2162 504 2228; x_wconf 86' lang='lat' dir='ltr'><strong>quibus</strong></span> <span class='ocrx_word' id='word_1_218' title='bbox 531 2161 762 2213; x_wconf 84' lang='lat' dir='ltr'><strong>nondum</strong></span> <span class='ocrx_word' id='word_1_219' title='bbox 797 2161 978 2213; x_wconf 87' lang='lat' dir='ltr'><strong>datum</strong></span> <span class='ocrx_word' id='word_1_220' title='bbox 1007 2168 1112 2213; x_wconf 87' lang='lat' dir='ltr'><strong>erat</strong></span> <span class='ocrx_word' id='word_1_221' title='bbox 1138 2160 1422 2228; x_wconf 80' lang='lat' dir='ltr'><strong>intelligere</strong></span> <span class='ocrx_word' id='word_1_222' title='bbox 1458 2178 1672 2229; x_wconf 84' lang='lat' dir='ltr'><strong>regnum</strong></span> <span class='ocrx_word' id='word_1_223' title='bbox 1711 2163 1989 2215; x_wconf 88' lang='lat' dir='ltr'><strong>coelorum.</strong></span> <span class='ocrx_word' id='word_1_224' title='bbox 2060 2164 2195 2215; x_wconf 79' lang='lat' dir='ltr'><strong>Vide</strong></span> 
     </span>
     <span class='ocr_line' id='line_1_26' title="bbox 307 2238 2196 2306; baseline -0.001 -13"><span class='ocrx_word' id='word_1_225' title='bbox 307 2240 494 2293; x_wconf 80' lang='lat' dir='ltr'><strong>Mattb.</strong></span> <span class='ocrx_word' id='word_1_226' title='bbox 517 2254 628 2305; x_wconf 81' lang='lat' dir='ltr'><strong>cap.</strong></span> <span class='ocrx_word' id='word_1_227' title='bbox 652 2239 734 2290; x_wconf 83' lang='grc'><strong>13.</strong></span> <span class='ocrx_word' id='word_1_228' title='bbox 757 2254 808 2291; x_wconf 83' lang='lat' dir='ltr'><strong>v.</strong></span> <span class='ocrx_word' id='word_1_229' title='bbox 833 2240 916 2291; x_wconf 84' lang='lat'><strong>10.</strong></span> <span class='ocrx_word' id='word_1_230' title='bbox 939 2245 1036 2292; x_wconf 88' lang='lat' dir='ltr'><strong>etc.</strong></span> <span class='ocrx_word' id='word_1_231' title='bbox 1121 2238 1210 2291; x_wconf 82' lang='lat'><strong>34.</strong></span> <span class='ocrx_word' id='word_1_232' title='bbox 1247 2238 1313 2289; x_wconf 89' lang='lat' dir='ltr'><strong>Et</strong></span> <span class='ocrx_word' id='word_1_233' title='bbox 1331 2240 1445 2290; x_wconf 85' lang='lat' dir='ltr'><strong>sine</strong></span> <span class='ocrx_word' id='word_1_234' title='bbox 1464 2239 1623 2291; x_wconf 83' lang='lat' dir='ltr'><strong>dubio</strong></span> <span class='ocrx_word' id='word_1_235' title='bbox 1642 2254 1761 2303; x_wconf 81' lang='lat' dir='ltr'><strong>eoS,</strong></span> <span class='ocrx_word' id='word_1_236' title='bbox 1802 2240 1995 2306; x_wconf 82' lang='lat' dir='ltr'><strong>quibus</strong></span> <span class='ocrx_word' id='word_1_237' title='bbox 2014 2240 2196 2293; x_wconf 84' lang='lat' dir='ltr'><strong>datum</strong></span> 
     </span>
     <span class='ocr_line' id='line_1_27' title="bbox 309 2316 2190 2383; baseline -0.001 -15"><span class='ocrx_word' id='word_1_238' title='bbox 309 2324 418 2368; x_wconf 87' lang='lat' dir='ltr'><strong>erat</strong></span> <span class='ocrx_word' id='word_1_239' title='bbox 447 2316 686 2383; x_wconf 70' lang='lat' dir='ltr'><strong>mysteria</strong></span> <span class='ocrx_word' id='word_1_240' title='bbox 719 2316 978 2366; x_wconf 85' lang='lat' dir='ltr'><strong>coelorum</strong></span> <span class='ocrx_word' id='word_1_241' title='bbox 998 2329 1237 2380; x_wconf 87' lang='lat' dir='ltr'><strong>noscere,</strong></span> <span class='ocrx_word' id='word_1_242' title='bbox 1281 2330 1362 2367; x_wconf 86' lang='lat' dir='ltr'><strong>res</strong></span> <span class='ocrx_word' id='word_1_243' title='bbox 1392 2324 1450 2367; x_wconf 92' lang='lat' dir='ltr'><strong>ut</strong></span> <span class='ocrx_word' id='word_1_244' title='bbox 1476 2324 1710 2369; x_wconf 87' lang='lat' dir='ltr'><strong>aeternas</strong></span> <span class='ocrx_word' id='word_1_245' title='bbox 1736 2318 1970 2369; x_wconf 86' lang='lat' dir='ltr'><strong>veritates</strong></span> <span class='ocrx_word' id='word_1_246' title='bbox 2000 2317 2190 2379; x_wconf 86' lang='lat' dir='ltr'><strong>docuit,</strong></span> 
     </span>
     <span class='ocr_line' id='line_1_28' title="bbox 314 2380 2195 2461; baseline 0.002 -18"><span class='ocrx_word' id='word_1_247' title='bbox 314 2408 416 2443; x_wconf 85' lang='lat' dir='ltr'><strong>non</strong></span> <span class='ocrx_word' id='word_1_248' title='bbox 443 2408 560 2445; x_wconf 82' lang='lat' dir='ltr'><strong>vero</strong></span> <span class='ocrx_word' id='word_1_249' title='bbox 590 2400 648 2443; x_wconf 90' lang='lat' dir='ltr'><strong>ut</strong></span> <span class='ocrx_word' id='word_1_250' title='bbox 675 2392 816 2458; x_wconf 88' lang='lat' dir='ltr'><strong>leges</strong></span> <span class='ocrx_word' id='word_1_251' title='bbox 843 2393 1204 2459; x_wconf 87' lang='lat' dir='ltr'><strong>praescripsit;</strong></span> <span class='ocrx_word' id='word_1_252' title='bbox 1244 2400 1297 2443; x_wconf 93' lang='lat' dir='ltr'><strong>et</strong></span> <span class='ocrx_word' id='word_1_253' title='bbox 1314 2393 1407 2445; x_wconf 88' lang='lat' dir='ltr'><strong>hac</strong></span> <span class='ocrx_word' id='word_1_254' title='bbox 1426 2380 1619 2445; x_wconf 72' lang='lat' dir='ltr'><strong>ratione</strong></span> <span class='ocrx_word' id='word_1_255' title='bbox 1638 2409 1727 2445; x_wconf 90' lang='lat' dir='ltr'><strong>eos</strong></span> <span class='ocrx_word' id='word_1_256' title='bbox 1746 2410 1774 2446; x_wconf 85' lang='lat' dir='ltr'><strong>a</strong></span> <span class='ocrx_word' id='word_1_257' title='bbox 1795 2396 2039 2447; x_wconf 82' lang='lat' dir='ltr'><strong>servitute</strong></span> <span class='ocrx_word' id='word_1_258' title='bbox 2064 2395 2195 2461; x_wconf 74' lang='lat' dir='ltr'><strong>legis</strong></span> 
     </span>
     <span class='ocr_line' id='line_1_29' title="bbox 309 2468 2192 2537; baseline 0.002 -16"><span class='ocrx_word' id='word_1_259' title='bbox 309 2468 540 2521; x_wconf 86' lang='lat' dir='ltr'><strong>liberavit</strong></span> <span class='ocrx_word' id='word_1_260' title='bbox 557 2508 572 2532; x_wconf 94' lang='lat'><strong>,</strong></span> <span class='ocrx_word' id='word_1_261' title='bbox 593 2478 644 2520; x_wconf 91' lang='lat' dir='ltr'><strong>et</strong></span> <span class='ocrx_word' id='word_1_262' title='bbox 663 2470 824 2520; x_wconf 88' lang='lat' dir='ltr'><strong>nihilo</strong></span> <span class='ocrx_word' id='word_1_263' title='bbox 847 2470 1024 2521; x_wconf 88' lang='lat' dir='ltr'><strong>minus</strong></span> <span class='ocrx_word' id='word_1_264' title='bbox 1043 2469 1208 2535; x_wconf 87' lang='lat' dir='ltr'><strong>legem</strong></span> <span class='ocrx_word' id='word_1_265' title='bbox 1228 2469 1325 2521; x_wconf 87' lang='lat' dir='ltr'><strong>hoc</strong></span> <span class='ocrx_word' id='word_1_266' title='bbox 1346 2472 1507 2536; x_wconf 88' lang='lat' dir='ltr'><strong>magis</strong></span> <span class='ocrx_word' id='word_1_267' title='bbox 1528 2470 1844 2524; x_wconf 83' lang='lat' dir='ltr'><strong>confirmavit</strong></span> <span class='ocrx_word' id='word_1_268' title='bbox 1862 2478 1911 2523; x_wconf 85' lang='lat' dir='ltr'><strong>et</strong></span> <span class='ocrx_word' id='word_1_269' title='bbox 1929 2471 2192 2537; x_wconf 87' lang='lat' dir='ltr'><strong>stabilivit,</strong></span> 
     </span>
     <span class='ocr_line' id='line_1_30' title="bbox 311 2546 2196 2615; baseline 0.002 -17"><span class='ocrx_word' id='word_1_270' title='bbox 311 2560 593 2611; x_wconf 85' lang='lat' dir='ltr'><strong>eorumque</strong></span> <span class='ocrx_word' id='word_1_271' title='bbox 619 2546 864 2597; x_wconf 87' lang='lat' dir='ltr'><strong>cordibus</strong></span> <span class='ocrx_word' id='word_1_272' title='bbox 893 2546 1106 2613; x_wconf 89' lang='lat' dir='ltr'><strong>penitus</strong></span> <span class='ocrx_word' id='word_1_273' title='bbox 1133 2547 1411 2613; x_wconf 87' lang='lat' dir='ltr'><strong>inscripsit.</strong></span> <span class='ocrx_word' id='word_1_274' title='bbox 1486 2547 1638 2610; x_wconf 84' lang='lat' dir='ltr'><strong>Quod</strong></span> <span class='ocrx_word' id='word_1_275' title='bbox 1656 2550 1819 2606; x_wconf 87' lang='lat' dir='ltr'><strong>etiam</strong></span> <span class='ocrx_word' id='word_1_276' title='bbox 1845 2550 2043 2601; x_wconf 87' lang='lat' dir='ltr'><strong>Paulus</strong></span> <span class='ocrx_word' id='word_1_277' title='bbox 2074 2553 2196 2615; x_wconf 91' lang='lat' dir='ltr'><strong>qui-</strong></span> 
     </span>
     <span class='ocr_line' id='line_1_31' title="bbox 310 2622 2192 2693; baseline 0.001 -19"><span class='ocrx_word' id='word_1_278' title='bbox 310 2622 532 2674; x_wconf 87' lang='lat' dir='ltr'><strong>busdam</strong></span> <span class='ocrx_word' id='word_1_279' title='bbox 562 2625 614 2673; x_wconf 90' lang='lat' dir='ltr'><strong>in</strong></span> <span class='ocrx_word' id='word_1_280' title='bbox 639 2624 766 2675; x_wconf 89' lang='lat' dir='ltr'><strong>locis</strong></span> <span class='ocrx_word' id='word_1_281' title='bbox 796 2622 1024 2675; x_wconf 85' lang='lat' dir='ltr'><strong>indicare</strong></span> <span class='ocrx_word' id='word_1_282' title='bbox 1053 2622 1279 2684; x_wconf 79' lang='lat' dir='ltr'><strong>videtur3</strong></span> <span class='ocrx_word' id='word_1_283' title='bbox 1314 2638 1501 2689; x_wconf 86' lang='lat' dir='ltr'><strong>nempe</strong></span> <span class='ocrx_word' id='word_1_284' title='bbox 1519 2626 1721 2691; x_wconf 87' lang='lat' dir='ltr'><strong>epistol.</strong></span> <span class='ocrx_word' id='word_1_285' title='bbox 1743 2626 1809 2679; x_wconf 87' lang='lat' dir='ltr'><strong>ad</strong></span> <span class='ocrx_word' id='word_1_286' title='bbox 1828 2629 1983 2678; x_wconf 83' lang='lat' dir='ltr'><strong>Rom.</strong></span> <span class='ocrx_word' id='word_1_287' title='bbox 2006 2640 2121 2693; x_wconf 88' lang='lat' dir='ltr'><strong>cap.</strong></span> <span class='ocrx_word' id='word_1_288' title='bbox 2145 2628 2192 2677; x_wconf 92' lang='grc'><strong>7.</strong></span> 
     </span>
     <span class='ocr_line' id='line_1_32' title="bbox 307 2699 2194 2770; baseline 0.003 -21"><span class='ocrx_word' id='word_1_289' title='bbox 307 2714 444 2753; x_wconf 73' lang='lat' dir='ltr'><strong>verS.</strong></span> <span class='ocrx_word' id='word_1_290' title='bbox 465 2699 516 2750; x_wconf 82' lang='lat'><strong>6.</strong></span> <span class='ocrx_word' id='word_1_291' title='bbox 539 2709 590 2749; x_wconf 86' lang='lat' dir='ltr'><strong>et</strong></span> <span class='ocrx_word' id='word_1_292' title='bbox 607 2700 786 2766; x_wconf 82' lang='lat' dir='ltr'><strong>cap.3.</strong></span> <span class='ocrx_word' id='word_1_293' title='bbox 805 2714 938 2753; x_wconf 79' lang='lat' dir='ltr'><strong>vers.</strong></span> <span class='ocrx_word' id='word_1_294' title='bbox 953 2700 1039 2753; x_wconf 80' lang='lat'><strong>28.</strong></span> <span class='ocrx_word' id='word_1_295' title='bbox 1053 2714 1173 2766; x_wconf 85' lang='lat' dir='ltr'><strong>sqq.</strong></span> <span class='ocrx_word' id='word_1_296' title='bbox 1245 2699 1333 2752; x_wconf 81' lang='lat'><strong>35.</strong></span> <span class='ocrx_word' id='word_1_297' title='bbox 1368 2699 1613 2753; x_wconf 76' lang='lat' dir='ltr'><strong>Attamen</strong></span> <span class='ocrx_word' id='word_1_298' title='bbox 1632 2718 1727 2755; x_wconf 89' lang='lat' dir='ltr'><strong>nec</strong></span> <span class='ocrx_word' id='word_1_299' title='bbox 1744 2703 1831 2755; x_wconf 88' lang='lat' dir='ltr'><strong>ille</strong></span> <span class='ocrx_word' id='word_1_300' title='bbox 1850 2705 2003 2756; x_wconf 87' lang='lat' dir='ltr'><strong>etiam</strong></span> <span class='ocrx_word' id='word_1_301' title='bbox 2022 2710 2194 2770; x_wconf 86' lang='lat' dir='ltr'><strong>aperte</strong></span> 
     </span>
     <span class='ocr_line' id='line_1_33' title="bbox 307 2775 2191 2846; baseline 0.003 -19"><span class='ocrx_word' id='word_1_302' title='bbox 307 2777 453 2843; x_wconf 86' lang='lat' dir='ltr'><strong>loqui</strong></span> <span class='ocrx_word' id='word_1_303' title='bbox 473 2775 598 2839; x_wconf 88' lang='lat' dir='ltr'><strong>vult,</strong></span> <span class='ocrx_word' id='word_1_304' title='bbox 622 2776 732 2841; x_wconf 89' lang='lat' dir='ltr'><strong>sed,</strong></span> <span class='ocrx_word' id='word_1_305' title='bbox 755 2784 816 2829; x_wconf 89' lang='lat' dir='ltr'><strong>ut</strong></span> <span class='ocrx_word' id='word_1_306' title='bbox 831 2779 944 2844; x_wconf 87' lang='lat' dir='ltr'><strong>ipse</strong></span> <span class='ocrx_word' id='word_1_307' title='bbox 965 2778 1036 2828; x_wconf 89' lang='lat' dir='ltr'><strong>ait</strong></span> <span class='ocrx_word' id='word_1_308' title='bbox 1053 2790 1168 2843; x_wconf 90' lang='lat' dir='ltr'><strong>cap.</strong></span> <span class='ocrx_word' id='word_1_309' title='bbox 1188 2778 1239 2829; x_wconf 85' lang='lat'><strong>3.</strong></span> <span class='ocrx_word' id='word_1_310' title='bbox 1261 2791 1395 2829; x_wconf 80' lang='lat' dir='ltr'><strong>vers·</strong></span> <span class='ocrx_word' id='word_1_311' title='bbox 1418 2780 1468 2829; x_wconf 86' lang='lat'><strong>5.</strong></span> <span class='ocrx_word' id='word_1_312' title='bbox 1490 2786 1541 2830; x_wconf 86' lang='lat' dir='ltr'><strong>et</strong></span> <span class='ocrx_word' id='word_1_313' title='bbox 1558 2794 1671 2846; x_wconf 88' lang='lat' dir='ltr'><strong>cap.</strong></span> <span class='ocrx_word' id='word_1_314' title='bbox 1693 2780 1745 2832; x_wconf 80' lang='lat'><strong>6.</strong></span> <span class='ocrx_word' id='word_1_315' title='bbox 1768 2795 1899 2833; x_wconf 76' lang='lat' dir='ltr'><strong>vers·</strong></span> <span class='ocrx_word' id='word_1_316' title='bbox 1915 2780 1999 2834; x_wconf 80' lang='grc'><strong>19.</strong></span> <span class='ocrx_word' id='word_1_317' title='bbox 2020 2782 2191 2832; x_wconf 85' lang='lat' dir='ltr'><strong>eiusd.</strong></span> 
     </span>
     <span class='ocr_line' id='line_1_34' title="bbox 307 2852 2189 2923; baseline 0.002 -18"><span class='ocrx_word' id='word_1_318' title='bbox 307 2856 460 2921; x_wconf 78' lang='lat' dir='ltr'><strong>epist.</strong></span> <span class='ocrx_word' id='word_1_319' title='bbox 483 2852 712 2905; x_wconf 83' lang='lat' dir='ltr'><strong>humano</strong></span> <span class='ocrx_word' id='word_1_320' title='bbox 746 2870 888 2907; x_wconf 89' lang='lat' dir='ltr'><strong>more</strong></span> <span class='ocrx_word' id='word_1_321' title='bbox 914 2854 1166 2920; x_wconf 85' lang='lat' dir='ltr'><strong>loquitur,</strong></span> <span class='ocrx_word' id='word_1_322' title='bbox 1208 2855 1349 2920; x_wconf 88' lang='lat' dir='ltr'><strong>quod</strong></span> <span class='ocrx_word' id='word_1_323' title='bbox 1376 2869 1613 2921; x_wconf 81' lang='lat' dir='ltr'><strong>expresse</strong></span> <span class='ocrx_word' id='word_1_324' title='bbox 1640 2857 1791 2921; x_wconf 87' lang='lat' dir='ltr'><strong>dicit,</strong></span> <span class='ocrx_word' id='word_1_325' title='bbox 1830 2872 1993 2923; x_wconf 85' lang='lat' dir='ltr'><strong>quum</strong></span> <span class='ocrx_word' id='word_1_326' title='bbox 2019 2858 2189 2908; x_wconf 83' lang='lat' dir='ltr'><strong>Deum</strong></span> 
     </span>
     <span class='ocr_line' id='line_1_35' title="bbox 305 2930 2191 3000; baseline 0.001 -17"><span class='ocrx_word' id='word_1_327' title='bbox 305 2932 504 2983; x_wconf 89' lang='lat' dir='ltr'><strong>iustum</strong></span> <span class='ocrx_word' id='word_1_328' title='bbox 538 2938 712 2995; x_wconf 84' lang='lat' dir='ltr'><strong>vocat,</strong></span> <span class='ocrx_word' id='word_1_329' title='bbox 751 2938 804 2983; x_wconf 86' lang='lat' dir='ltr'><strong>et</strong></span> <span class='ocrx_word' id='word_1_330' title='bbox 831 2933 943 2983; x_wconf 89' lang='lat' dir='ltr'><strong>sine</strong></span> <span class='ocrx_word' id='word_1_331' title='bbox 972 2930 1131 2983; x_wconf 86' lang='lat' dir='ltr'><strong>dubio</strong></span> <span class='ocrx_word' id='word_1_332' title='bbox 1159 2932 1313 2983; x_wconf 87' lang='lat' dir='ltr'><strong>etiam</strong></span> <span class='ocrx_word' id='word_1_333' title='bbox 1347 2940 1555 3000; x_wconf 88' lang='lat' dir='ltr'><strong>propter</strong></span> <span class='ocrx_word' id='word_1_334' title='bbox 1590 2934 1758 2985; x_wconf 86' lang='lat' dir='ltr'><strong>carnis</strong></span> <span class='ocrx_word' id='word_1_335' title='bbox 1792 2932 2191 2985; x_wconf 87' lang='lat' dir='ltr'><strong>imbecillitatem</strong></span> 
     </span>
     <span class='ocr_line' id='line_1_36' title="bbox 307 3008 2189 3077; baseline -0.001 -17"><span class='ocrx_word' id='word_1_336' title='bbox 307 3010 418 3061; x_wconf 86' lang='lat' dir='ltr'><strong>Deo</strong></span> <span class='ocrx_word' id='word_1_337' title='bbox 449 3008 886 3074; x_wconf 86' lang='lat' dir='ltr'><strong>misericordiam,</strong></span> <span class='ocrx_word' id='word_1_338' title='bbox 925 3010 1166 3074; x_wconf 78' lang='lat' dir='ltr'><strong>gratiam,</strong></span> <span class='ocrx_word' id='word_1_339' title='bbox 1203 3010 1333 3061; x_wconf 84' lang='lat' dir='ltr'><strong>iram</strong></span> <span class='ocrx_word' id='word_1_340' title='bbox 1352 3016 1449 3061; x_wconf 88' lang='lat' dir='ltr'><strong>etc.</strong></span> <span class='ocrx_word' id='word_1_341' title='bbox 1471 3009 1689 3075; x_wconf 83' lang='lat' dir='ltr'><strong>affingit,</strong></span> <span class='ocrx_word' id='word_1_342' title='bbox 1726 3016 1778 3063; x_wconf 88' lang='lat' dir='ltr'><strong>et</strong></span> <span class='ocrx_word' id='word_1_343' title='bbox 1802 3009 2004 3075; x_wconf 83' lang='lat' dir='ltr'><strong>ingenio</strong></span> <span class='ocrx_word' id='word_1_344' title='bbox 2021 3010 2189 3077; x_wconf 88' lang='lat' dir='ltr'><strong>plebis</strong></span> 
     </span>
    </p>
   </div>
   <div class='ocr_carea' id='block_1_3' title="bbox 311 3124 641 3134">
    <p class='ocr_par' dir='ltr' id='par_1_3' title="bbox 311 3124 641 3134">
     <span class='ocr_line' id='line_1_37' title="bbox 311 3124 641 3134; baseline 0 351"><span class='ocrx_word' id='word_1_345' title='bbox 311 3124 641 3134; x_wconf 95' lang='lat' dir='ltr'><strong> </strong></span> 
     </span>
    </p>
   </div>
   <div class='ocr_carea' id='block_1_4' title="bbox 407 3176 1000 3235">
    <p class='ocr_par' dir='ltr' id='par_1_4' title="bbox 407 3176 1000 3235">
     <span class='ocr_line' id='line_1_38' title="bbox 407 3176 1000 3235; baseline -0.007 -11"><span class='ocrx_word' id='word_1_346' title='bbox 407 3180 447 3231; x_wconf 71' lang='lat' dir='ltr'><strong>*J</strong></span> <span class='ocrx_word' id='word_1_347' title='bbox 479 3178 582 3223; x_wconf 80' lang='lat' dir='ltr'><strong>vid.</strong></span> <span class='ocrx_word' id='word_1_348' title='bbox 603 3190 704 3235; x_wconf 85' lang='lat' dir='ltr'><strong>cap.</strong></span> <span class='ocrx_word' id='word_1_349' title='bbox 727 3180 765 3222; x_wconf 83' lang='grc'><strong>1.</strong></span> <span class='ocrx_word' id='word_1_350' title='bbox 786 3176 829 3234; x_wconf 62' lang='grc' dir='ltr'><strong>ἦ.</strong></span> <span class='ocrx_word' id='word_1_351' title='bbox 848 3180 914 3220; x_wconf 83' lang='grc'><strong>23.</strong></span> <span class='ocrx_word' id='word_1_352' title='bbox 934 3180 1000 3221; x_wconf 71' lang='grc'><strong>24.</strong></span> 
     </span>
    </p>
   </div>
  </div>
 </body>
</html>
