2548 3485
1116 173 1259 240 car.
1307 186 1375 242 x.
2062 183 2182 247 1⁶3

304 367 589 434 scripturis
624 365 875 435 quiequid
910 366 1057 422 lubet
1092 365 1380 434 affingunt?
1447 370 1538 436 qui
1583 381 1760 423 sacros
1807 367 2078 420 historicos
2111 368 2186 420 ita

304 447 646 512 prostituunt,
690 451 749 497 ut
766 445 1023 499 balbutire
1042 452 1095 498 et
1111 447 1284 499 omnia
1305 445 1616 500 confundere
1637 441 1948 500 credantur?
1983 446 2073 512 qui
2091 445 2186 496 de-

304 525 463 592 nique
498 535 688 574 sensus
724 523 1019 588 scripturae
1056 525 1364 590 perspicuos
1411 530 1463 576 et
1505 522 1917 576 evidentissimos
1961 519 2187 588 negant?

306 601 394 654 35.
408 599 571 679 Quid
592 600 729 652 enim
750 601 803 652 in
822 601 1086 666 Scriptura
1108 601 1316 664 clarius,
1339 615 1495 666 quam
1515 599 1656 666 quod
1674 599 1868 652 Hezras
1887 613 2007 653 cum
2027 589 2193 652 sociis

304 679 358 728 in
394 659 609 745 epistola
646 677 970 744 genealogiae
1014 678 1067 730 in
1106 693 1220 746 cap.
1255 681 1330 734 2.
1349 677 1492 740 libri,
1543 679 1633 743 qui
1673 678 1786 729 eius
1821 677 2042 739 dicitur,
2083 678 2188 729 de·-

305 756 520 822 seripta‚
562 769 838 808 numerum
878 770 1057 807 eorum
1094 757 1358 817 omnium,
1398 756 1486 822 qui
1524 755 1935 822 Hierosolymam
1969 754 2186 826 profecti

304 841 457 894 sunt,
494 846 587 899 per
613 840 787 899 partes
814 831 1287 900 comprehenderit,
1325 831 1750 899 quandoquidem
1781 833 1834 884 in
1861 833 1928 885 iis
1949 848 2051 884 non
2071 839 2192 884 tan-

305 917 415 964 tum
438 923 617 962 eorum
636 923 887 962 numerus
908 908 1151 971 traditur,
1190 911 1282 975 qni
1311 924 1460 962 suam
1487 910 1868 976 genealogiam,
1909 910 2002 966 sed
2031 911 2190 963 etiam

305 1001 481 1040 eorum
498 1023 511 1049 ‚
544 987 635 1052 qui
654 1001 765 1038 eam
786 1001 889 1039 non
908 992 1191 1052 potuerunt
1209 985 1474 1040 indicare?
1542 987 1712 1052 Quid,
1735 989 1974 1054 inquam,
1997 986 2188 1040 clarius

304 1079 362 1117 ex
378 1078 532 1116 versu
545 1065 594 1114 5.
616 1077 730 1130 cap.
748 1064 799 1116 7.
812 1063 1110 1126 Nehemiae,
1133 1077 1291 1130 quam
1311 1064 1452 1130 quod
1471 1066 1584 1132 ipse
1603 1064 1734 1117 hanc
1755 1065 1970 1120 eandem
1991 1066 2190 1132 episto-

304 1141 409 1192 lam
438 1141 741 1208 simpliciter
764 1136 1134 1208 descripserit?
1202 1139 1290 1192 36.
1327 1142 1368 1193 li
1396 1141 1580 1208 igitur,
1609 1143 1700 1208 qui
1719 1141 1842 1194 haec
1861 1141 2008 1196 aliter
2024 1143 2207 1208 expli--

304 1225 449 1280 caut,
472 1218 601 1271 nihil
618 1217 760 1270 aliud
776 1218 975 1271 faciunt
989 1255 1003 1280 ,
1027 1231 1185 1284 quam
1204 1231 1384 1270 verum
1405 1217 1702 1286 scripturae
1720 1233 1937 1272 sensnm
1951 1257 1970 1284 ,
1989 1226 2043 1272 et
2063 1234 2194 1272 con-

304 1302 586 1361 sequenter
622 1296 938 1362 scripturam
972 1295 1145 1363 ipsam
1184 1307 1398 1362 negat-03
1435 1295 1580 1362 quod
1616 1303 1787 1350 autem
1825 1303 2012 1364 putant
2044 1298 2192 1364 pium

304 1385 447 1435 esse,
488 1385 593 1424 una
610 1372 719 1424 loca
740 1372 1037 1440 scripturae
1056 1371 1175 1424 aliis
1193 1375 1602 1436 accommodare,
1625 1373 1840 1428 ridicula
1858 1389 1984 1426 saue
2000 1375 2188 1441 pietas,

304 1448 447 1516 quod
474 1449 584 1501 ioca
614 1449 745 1501 clara
774 1449 1013 1502 obscuris
1040 1455 1097 1506 et
1124 1456 1259 1502 reeta
1288 1450 1559 1504 mendosis
1587 1451 1978 1506 accommodent
1993 1458 2046 1503 et
2063 1464 2194 1503 sana

302 1525 523 1593 putridis
544 1533 892 1594 corrumpant.
964 1525 1119 1580 Absit
1136 1535 1308 1580 tamen
1323 1566 1338 1590 ,
1369 1535 1430 1579 ut
1449 1543 1542 1580 eos
1561 1527 1895 1596 blasphemos
1905 1527 2188 1596 appellem,

266 1663 271 1668 ,
303 1605 393 1670 qui
423 1601 627 1656 nullum
652 1605 887 1659 animum
916 1604 1258 1658 maledicendi
1293 1604 1510 1668 habent3
1549 1620 1668 1658 nam
1705 1619 1880 1662 errare
1903 1603 2192 1658 humanum

252 1699 263 1706 ’
302 1681 514 1749 quidem
544 1689 645 1734 est.
718 1681 821 1734 Sed
848 1682 911 1735 ad
933 1684 1260 1751 propositum
1281 1690 1517 1736 revertor.
1599 1683 1684 1734 37.
1723 1685 1935 1736 Praeter
1953 1681 2186 1749 mendas,

304 1760 509 1825 quaein
530 1759 757 1813 summis
778 1760 1025 1826 epistolae
1039 1760 1369 1827 genealogiae
1389 1769 1494 1813 tam
1513 1762 1708 1815 Hezrae
1726 1776 1886 1828 quam
1910 1760 2194 1815 Nehemiae

306 1844 431 1889 sunt
447 1836 806 1889 concedendae
820 1875 833 1900 ,
856 1838 1035 1904 piures
1058 1838 1213 1890 etiam
1234 1846 1476 1890 notantur
1493 1838 1544 1889 in
1565 1840 1697 1905 ipsis
1715 1838 2017 1893 nominihus
2034 1838 2192 1891 fami-

301 1912 518 1976 liarum,
548 1914 725 1981 plures
744 1915 1031 1981 insuperiu
1058 1916 1185 1981 ipsis
1204 1915 1546 1981 genealogiis,
1576 1916 1630 1967 in
1659 1916 1912 1979 historiis,
1947 1922 2000 1969 et
2013 1930 2193 1969 vereor

303 2006 369 2043 ne
388 1992 543 2043 etiam
562 1992 615 2043 in
634 1992 767 2058 ipsis
786 1991 1089 2059 prophetiis.
1126 1993 1257 2045 Nam
1274 2007 1400 2045 sane
1421 1991 1686 2059 prophetia
1703 1994 1950 2045 Ieremiae
1971 2008 2084 2059 cap.
2099 1994 2189 2048 22.

303 2066 369 2121 de
395 2068 635 2120 lechouia
666 2068 813 2120 nulio
841 2068 997 2120 modo
1026 2082 1145 2121 cum
1166 2070 1280 2121 eius
1299 2069 1514 2122 historia
1539 2068 1680 2137 (vide
1700 2068 1856 2123 finem
1875 2068 2064 2123 utu-12.
2085 2072 2192 2122 Re·-

302 2160 427 2213 gum
464 2151 519 2198 et
552 2144 807 2212 Ierem.*)
845 2152 897 2197 et
930 2144 1051 2199 libr.
1075 2146 1123 2197 1.
1170 2146 1337 2199 Paral.
1367 2161 1480 2214 cap.
1513 2148 1564 2198 3.
1596 2160 1728 2197 vers.
1753 2148 1836 2199 16.
1862 2146 1945 2199 17.
1970 2146 2052 2199 18.
2079 2147 2192 2211 19.)

300 2222 572 2275 ωηνεοίτο
598 2222 825 2284 videtur,
858 2229 910 2275 et
934 2225 1212 2297 praecipue
1240 2223 1390 2277 verba
1419 2232 1600 2277 versus
1634 2223 1801 2277 ultimi
1820 2222 1960 2275 illius
1981 2224 2186 2290 capitis.

303 2301 388 2353 38.
426 2301 531 2351 Nec
550 2300 703 2353 etiam
721 2299 898 2363 video,
929 2314 1033 2367 qua
1050 2302 1249 2353 ratione
1265 2300 1332 2353 de
1349 2301 1618 2361 Tsidchia‚
1657 2302 1812 2353 cuius
1831 2300 1988 2363 oculi,
2029 2299 2190 2354 simul

304 2391 365 2429 ac
391 2375 529 2429 filios
556 2390 741 2430 necare
766 2377 919 2441 vidit,
958 2376 1131 2429 effossi
1158 2384 1314 2439 sunt,
1353 2378 1522 2430 dicere
1555 2378 1756 2446 potuit.
1793 2379 2023 2445 Pacffioe
2061 2392 2185 2431 mo·-

302 2456 463 2505 rieris
492 2459 595 2505 etc.
628 2453 770 2522 (vide
797 2456 985 2507 lerem.
1017 2468 1130 2521 cap.
1162 2456 1249 2507 34.
1283 2470 1330 2507 v.
1355 2458 1437 2525 5.)
1511 2458 1563 2507 Si
1591 2468 1650 2507 ex
1671 2462 1858 2509 eventu
1883 2455 2186 2523 prophetiae

306 2530 717 2597 interpretenda
742 2539 904 2594 sunt,
945 2532 1073 2585 haec
1100 2534 1312 2585 nomina
1341 2533 1586 2585 mutanda
1615 2540 1818 2598 essent,
1849 2540 1900 2584 et
1917 2547 2010 2600 pro
2029 2533 2190 2585 'rstd-

306 2609 421 2660 chia
452 2608 748 2667 lechonias.
780 2616 831 2661 et
858 2618 1032 2661 contra
1060 2624 1153 2676 pro
1185 2610 1282 2661 hoe
1312 2612 1396 2661 ille
1425 2610 1716 2663 sumendus
1735 2610 2012 2664 videretur.
2085 2610 2190 2663 Sed

306 2685 585 2739 hoo-nimis
600 2687 939 2753 paradoxum,
957 2687 1190 2754 adeoque
1211 2702 1320 2739 rem
1341 2696 1398 2740 ut
1417 2686 1873 2755 imperceptibilem
1895 2686 2188 2751 relinquere

262 2810 269 2814 .
302 2763 459 2825 malo,
482 2766 757 2830 praecipue
780 2766 900 2830 quia
921 2765 965 2815 si
987 2764 1072 2817 hic
1092 2764 1283 2831 aliquis
1303 2772 1381 2815 est
1399 2779 1559 2826 error,
1583 2766 1628 2817 is
1651 2765 1908 2827 historico,
1942 2776 2047 2814 non
2066 2762 2188 2815 vitio

302 2840 671 2908 exemplarium
694 2840 1003 2894 tribuendus
1024 2850 1123 2895 est.
1198 2842 1282 2894 39.
1327 2842 1478 2903 Quod
1501 2842 1562 2892 ad
1586 2844 1813 2908 reliquos
1831 2839 2025 2900 attinet,
2049 2852 2186 2904 quos

304 2916 435 2979 dixi,
477 2932 566 2969 eos
590 2919 677 2970 hie
696 2927 874 2971 notare
896 2934 998 2972 non
1020 2928 1143 2987 puto
1160 2958 1175 2979 ‚
1216 2919 1641 2986 quandoquidem
1663 2920 1713 2971 id
1735 2932 1836 2970 non
1858 2917 1971 2968 sine
1999 2929 2188 2981 magno

303 2994 513 3047 lectoris
556 2996 729 3048 taedio
774 2996 973 3049 efficere
1021 2997 1215 3064 possim
1239 3012 1253 3053 ;
1317 2998 1618 3064 praesertim
1663 2996 1784 3064 quia
1819 2992 1885 3047 ab
1923 2993 2042 3045 aliis
2083 2993 2187 3045 iam

406 3165 452 3217 ο)
484 3168 515 3209 2
528 3166 643 3228 Res.
662 3166 733 3223 2⁵,
750 3167 817 3210 2¹1.
838 3176 943 3223 sqq·
982 3166 1155 3213 larem.
1174 3168 1242 3221 ⁵2,
1260 3169 1330 3213 81.
1349 3178 1451 3223 sqq.
1657 3235 1676 3284 ¹
1695 3235 1714 3285 ι
1736 3235 1763 3262 a
