2548 3485
5 3138 7 3141 v
4 2900 13 3115 —vv--wv-—v-
5 2790 8 2879 <“’-’-
5 2752 8 2761 -
5 2718 8 2721 -

382 163 463 224 82
785 167 1175 216 TRAGTATUS
1213 169 1612 216 TnEoLofflco
1625 198 1650 210 -
1661 171 1870 218 PoLl'r.

380 354 821 400 contentarum
860 350 1235 405 necessaria
1266 349 1372 400 sit.
1443 351 1698 402 Utautem
1719 350 1816 402 boc
1833 349 2030 401 lumine
2051 349 2268 403 naturali

380 427 737 492 investigetur,
776 429 851 478 sic
871 426 1251 493 procedendum
1273 427 1488 478 videtur.

483 503 567 554 35.
608 504 663 554 Si
702 503 820 570 quis
857 503 1155 556 bominibus
1195 503 1390 570 aliquid
1429 503 1646 554 suadere
1681 505 1756 554 vel
1795 502 2100 554 dissuadere
2137 503 2262 566 vult,

382 579 523 645 quod
548 594 640 646 per
669 594 727 631 se
756 587 932 631 notum
966 597 1071 632 non
1100 588 1205 644 est,
1247 581 1295 631 is
1313 619 1326 642 ,
1367 586 1425 630 ut
1453 580 1504 630 id
1532 581 1688 631 iidem
1708 581 2118 652 amplectantur,
2159 593 2267 632 rem

382 671 529 706 suam
554 671 613 709 ex
632 658 894 709 concessis
914 657 1169 711 deducere
1186 671 1382 724 eosque
1401 658 1710 723 experientia
1732 658 1808 708 vel
1837 658 2034 724 ratione
2051 659 2268 708 convin-

382 743 494 784 cere
532 733 707 796 debet,
749 748 933 800 nempe
972 751 1032 787 ex
1069 735 1252 797 rebus,
1293 749 1425 800 quas
1462 749 1555 800 per
1589 738 1780 786 sensus
1815 736 2006 801 experti
2051 742 2175 786 sunt
2213 736 2266 784 in

382 816 564 861 natura
593 811 910 876 contingere,
950 811 1029 863 vel
1058 828 1117 863 ex
1141 813 1408 863 axiomatis
1438 811 1870 863 intellectualibus
1901 825 1992 877 per
2019 825 2078 863 se
2106 814 2264 863 notis·

379 887 453 940 At
472 888 573 938 nisi
593 889 897 954 experientia
919 889 1038 940 talis
1054 891 1138 951 sit,
1164 897 1221 950 ut
1240 889 1374 940 clare
1394 895 1445 940 et
1465 887 1706 939 distincte
1727 888 2056 954 intelligatur,
2077 902 2267 954 quam-

382 966 458 1016 vis
478 965 737 1018 bominem
759 967 1024 1017 convincat
1042 1006 1055 1027 ,
1096 981 1199 1016 non
1228 973 1397 1017 tamen
1432 967 1618 1031 poterit
1635 967 1747 1031 ipsa
1768 965 2086 1018 intellectum
2105 980 2268 1031 aeque

384 1043 582 1094 afficere
610 1044 829 1109 eiusque
858 1042 1075 1094 nebulas
1109 1043 1388 1109 dissipare,
1429 1057 1490 1094 ac
1517 1057 1680 1109 quum
1713 1057 1794 1094 res
1813 1042 2044 1094 docenda
2064 1057 2123 1094 ex
2141 1043 2268 1094 solis

382 1121 646 1170 axiomatis
666 1119 1100 1172 intellectualibus
1116 1159 1129 1182 ,
1154 1119 1251 1170 hoc
1272 1125 1370 1182 est,
1394 1135 1453 1171 ex
1471 1119 1580 1172 sola
1601 1121 1785 1171 virtute
1806 1117 2097 1172 intellectus
2119 1121 2268 1172 eius-

383 1211 483 1262 que
513 1198 565 1246 in
586 1197 913 1262 percipiendo
933 1194 1113 1248 ordine
1136 1195 1435 1260 deducitur,
1477 1197 1776 1264 praesertim
1805 1197 1851 1248 si
1879 1199 2112 1264 quaestio
2131 1197 2196 1248 de
2213 1212 2268 1248 re

384 1273 661 1340 spirituali,
703 1279 752 1324 et
769 1288 902 1338 quae
923 1271 1025 1324 sub
1044 1287 1232 1325 sensus
1253 1274 1398 1325 nullo
1419 1274 1574 1326 modo
1593 1273 1754 1340 cadit,
1793 1276 1878 1326 sit.
1951 1275 2038 1328 36.
2075 1276 2289 1329 Verum.

385 1353 506 1416 quia
526 1349 590 1400 ad
610 1362 693 1400 res
712 1364 772 1400 ex
790 1350 919 1401 solis
940 1349 1243 1401 notionibus
1264 1349 1702 1403 intellectualibus
1722 1349 2083 1407 deducendum
2117 1353 2268 1418 longa

382 1428 771 1495 perceptionum
808 1429 1159 1480 concatenatio
1194 1429 1500 1494 saepissime
1545 1430 1852 1494 requiritur,
1913 1437 1965 1481 et
2007 1437 2268 1496 praeterea

386 1507 538 1557 etiam
570 1518 773 1554 summa
804 1505 1125 1569 praecautio,
1166 1505 1360 1570 ingenii
1390 1501 1756 1573 perspicacitas
1785 1513 1837 1557 et
1862 1521 2066 1559 summa
2101 1509 2269 1579 conti-7

384 1583 586 1646 nentia,
628 1595 759 1648 quae
790 1581 962 1632 omnia
981 1595 1093 1631 raro
1114 1581 1167 1631 in
1186 1581 1484 1634 hominibus
1504 1583 1856 1649 reperiuntur-3
1895 1582 2010 1634 ideo
2028 1582 2266 1634 homines

384 1660 449 1712 ab
470 1659 775 1724 experientia
803 1655 973 1707 doceri
1003 1657 1226 1719 malunt,
1268 1672 1426 1724 quam
1455 1675 1638 1712 omnes
1665 1658 1790 1722 suas
1825 1660 2180 1726 perceptiones
2208 1675 2268 1712 ex

385 1736 565 1803 paucis
594 1731 936 1787 axiomatibus
966 1732 1221 1787 deducere
1248 1744 1299 1788 et
1325 1737 1542 1790 invicem
1571 1746 1922 1789 concatenare.
1995 1737 2080 1789 3⁷.
2118 1737 2266 1789 Unde

386 1814 649 1879 sequitur,
691 1809 830 1877 quod
850 1812 895 1861 si
914 1812 1034 1876 quis
1054 1810 1340 1863 doctrinam
1363 1815 1588 1879 aliquam
1608 1817 1854 1881 integram
1874 1815 2132 1865 nationem
2149 1854 2164 1877 ,
2199 1830 2268 1867 ue

386 1890 552 1941 dicam
574 1889 870 1940 universum
892 1886 1174 1939 humanum
1196 1904 1363 1957 genus
1378 1931 1392 1953 ‚
1433 1892 1615 1943 docere
1635 1900 1686 1944 et
1705 1893 1771 1944 ab
1787 1891 2034 1943 omnibus
2051 1892 2268 1959 intelligi

385 1968 519 2028 vult3
556 1967 601 2017 is
628 1980 737 2017 rem
766 1978 913 2016 suam
942 1965 1051 2017 sola
1081 1968 1388 2033 experientia
1416 1970 1714 2021 confirmare
1743 1976 1970 2032 tenetur,
2014 1971 2270 2021 rationes-

385 2060 489 2111 que
524 2057 647 2095 suas
686 2049 737 2093 et
756 2056 926 2093 rerum
964 2041 1316 2096 docendarum
1353 2044 1676 2099 definitiones
1721 2045 1786 2097 ad
1822 2054 2032 2114 captum
2079 2047 2265 2114 piebiS,

388 2137 521 2189 quae
544 2120 817 2179 maximam
834 2118 1051 2169 humani
1068 2123 1270 2186 generis
1291 2131 1484 2189 partem
1506 2124 1786 2189 componit,
1821 2125 2039 2175 maxime
2060 2138 2268 2175 accom—

386 2198 595 2251 modare
608 2236 623 2261 ,
645 2210 749 2249 non
768 2202 939 2248 autem
960 2210 1049 2249 eas
1070 2207 1402 2251 concatenare
1418 2238 1432 2263 ,
1457 2214 1625 2265 neque
1646 2200 1972 2253 definitiones
1986 2240 1999 2262 ,
2030 2208 2184 2267 prout
2201 2204 2267 2253 ad

388 2278 607 2328 rationes
634 2274 825 2327 melius
852 2276 1296 2327 concatenandum
1326 2278 1638 2338 inserviunt,
1677 2278 1904 2339 tradere;
1947 2278 2078 2329 alias
2105 2278 2268 2329 doctis

388 2360 590 2405 tantum
627 2350 844 2413 scribet,
894 2351 992 2403 hoc
1026 2358 1134 2415 est,
1182 2368 1210 2404 a
1248 2355 1580 2419 paucissimis
1615 2356 1814 2405 'tantum
1850 2354 2179 2417 bominibuS,
2221 2358 2269 2407 si

388 2445 508 2482 cum
544 2428 760 2493 reliquis
792 2436 1179 2495 comparentur,
1219 2432 1404 2496 poterit
1437 2430 1674 2498 intelligi.
1756 2432 1844 2485 38.
1881 2434 2058 2497 Quum
2093 2434 2271 2500 'mque

388 2514 492 2558 tota
530 2506 790 2572 Scriptura
824 2505 879 2556 in
914 2521 1069 2558 usum
1106 2499 1332 2573 integrae
1366 2508 1590 2561 nationis
1621 2510 1791 2575 prius,
1835 2516 1886 2561 et
1909 2510 2118 2561 tandem
2145 2513 2272 2562 uni-

389 2585 523 2638 versi
540 2582 751 2634 humani
779 2584 982 2649 generis
1012 2584 1225 2635 revelata
1251 2584 1431 2645 suerin
1472 2588 1760 2637 necessario
1789 2602 1874 2651 ea,
1915 2602 2050 2653 quae
2075 2588 2128 2639 ln
2157 2590 2268 2654 ipsa

389 2664 739 2723 continentur,
780 2660 844 2712 ad
876 2667 1081 2728 captum
1107 2660 1276 2727 plebis
1315 2663 1529 2714 maxime
1564 2664 1942 2715 accommodari
1977 2662 2270 2716 debuerunt

390 2747 440 2793 et
457 2740 568 2791 sola
596 2738 902 2805 experientia
932 2738 1273 2806 comprobari.
1344 2742 1472 2793 Rem
1502 2740 1688 2792 clarius
1715 2740 2048 2807 explicemus.
2121 2744 2266 2805 Quae

400 2818 663 2883 Scriptura
716 2814 899 2867 docere
944 2816 1080 2879 vult,
1139 2830 1273 2883 quae
1325 2818 1489 2869 solam
1543 2818 1946 2884 speculationem
2002 2825 2264 2885 spectant,

392 2894 516 2945 baec
543 2894 873 2959 potissimum
904 2899 1053 2954 sunu
1091 2908 1279 2961 nempe
1309 2894 1420 2946 dari
1449 2896 1618 2947 Deum
1645 2896 1752 2947 sive
1771 2910 1894 2959 ens,
1935 2896 2076 2962 quod
2093 2896 2266 2945 omnia

391 2970 513 3023 fecit
547 2976 597 3020 et
633 2982 838 3022 summa
872 2970 1124 3036 sapientia
1162 2970 1334 3038 dirigit
1367 2978 1418 3023 et
1453 2978 1710 3025 sustentat
1743 2980 1794 3025 et
1821 2972 1960 3039 qued
1998 2972 2265 3023 bominum

394 3060 657 3099 summam
672 3046 824 3098 babet
841 3061 1044 3111 curam,
1082 3062 1274 3115 nempe
1292 3064 1498 3113 eorum,
1539 3051 1628 3116 qui
1657 3052 1740 3118 pie
1768 3058 1818 3103 ct
1843 3050 2062 3103 honeste
2077 3049 2262 3113 vivant,

396 3123 624 3190 reliquos
678 3128 850 3175 autem
902 3125 1079 3178 multis
1128 3127 1398 3195 suppliciis
1445 3129 1594 3195 punit
1637 3134 1689 3179 et
1730 3142 1760 3179 a
1809 3126 1961 3181 bonis
2013 3132 2264 3196 segregat.
