2548 3485
332 167 461 230 2⁴4
731 171 1123 219 meacm-arus
1161 168 1817 219 mmmmm-pour.

336 350 421 403 lus
442 348 861 404 transferentium
874 387 889 413 ,
926 349 1018 403 sed
1043 350 1195 403 etiam
1212 350 1310 403 Del
1323 387 1338 413 ‚
1367 350 1424 403 iu
1442 363 1599 417 quem
1617 355 1757 401 esset
1775 344 2212 409 transferendum,

336 428 698 494 requireretur.
770 431 824 484 2.
869 429 941 481 At
974 430 1119 481 Deus
1165 435 1344 480 contre
1376 442 1470 494 per
1505 426 1767 495 apostolos
1805 424 2072 487 revelavit,
2119 424 2216 474 Del

335 511 543 570 pactum
574 518 677 558 non
706 506 932 573 amplius
960 512 1273 567 atramento,
1311 518 1408 557 nec
1433 505 1488 557 in
1511 502 1702 558 tabulis
1722 503 1967 571 lepidae,
2008 501 2102 553 sed
2121 500 2218 552 Dei

332 582 521 649 spiritu
544 583 602 635 in
628 582 784 636 corde
808 582 1049 651 scribi0).
1117 582 1322 637 Deinde
1357 582 1474 635 talis
1505 582 1712 648 imperii
1749 582 1916 634 forma
1949 580 2021 632 iis
2045 578 2218 631 forsan

334 666 535 713 tautum
554 660 695 713 utilis
715 674 833 713 esse
850 668 1029 727 posset
1040 697 1055 724 ‚
1076 661 1170 727 qui
1190 658 1294 721 sibi
1314 660 1442 711 solis
1462 658 1662 727 absque
1681 665 1888 713 externo
1907 655 2219 711 commercio

333 736 498 789 vivere
512 774 527 800 ,
558 751 781 804 seseque
801 739 933 790 intra
953 751 1079 791 suos
1098 738 1288 790 limites
1307 736 1546 790 claudere
1563 744 1664 791 eta
1683 736 1882 803 reliquo
1899 734 2024 789 orbe
2043 747 2221 800 segre-

336 814 445 878 gari
462 813 647 878 velint3
684 820 739 866 at
766 817 979 869 minime
1006 815 1102 878 iis,
1144 814 1342 881 quibus
1361 829 1578 869 necesse
1594 820 1676 867 est
1692 828 1812 865 cum
1830 813 1948 866 allis
1965 824 2222 867 commer-

336 891 477 943 cium
494 890 703 945 bebere.
775 893 1101 961 Quapropter
1124 892 1239 945 talis
1260 892 1462 960 imperii
1483 893 1648 945 forma
1667 891 2002 960 paucissimis
2019 896 2219 943 tantum

336 982 397 1021 ex
432 982 534 1019 usu
570 982 687 1021 esse
724 976 915 1035 potest.
987 970 1041 1021 3.
1077 971 1269 1023 Verum
1309 972 1448 1023 cuim
1475 984 1622 1033 vero,
1661 969 1864 1023 tametsi
1891 971 1948 1021 lu
1973 965 2222 1021 omnibus

334 1044 585 1099 imitabile
602 1060 706 1098 uon
728 1047 816 1110 sit,
846 1046 1007 1099 multa
1026 1053 1202 1100 tamen
1222 1046 1410 1100 babuit
1429 1047 1760 1113 dignissima,
1783 1046 1966 1100 saltem
1987 1053 2050 1097 ut
2069 1049 2222 1096 uota-

334 1129 539 1185 rentur,
578 1130 631 1175 et
656 1137 793 1189 quae
818 1123 995 1175 forsan
1020 1124 1210 1177 imitari
1240 1124 1688 1177 consultissimum
1719 1132 1880 1177 esset.
1953 1124 2215 1197 Attamen,

336 1200 461 1265 quia
486 1213 603 1252 mea
630 1200 875 1263 intentio,
916 1207 977 1253 ut
1002 1201 1105 1254 iam
1134 1202 1344 1263 monui,
1385 1216 1488 1254 non
1509 1210 1616 1265 est,
1653 1202 1720 1254 de
1737 1200 2002 1269 republica
2019 1214 2080 1251 ex
2096 1212 2223 1266 pro·-

336 1276 479 1328 l'esso
500 1290 674 1343 egere,
699 1290 878 1329 eorum
898 1278 1145 1346 pleraque
1162 1280 1322 1331 missa
1343 1279 1528 1332 faciam
1545 1318 1560 1343 ‚
1589 1286 1644 1332 et
1661 1286 1862 1331 tantum
1883 1293 1970 1342 ea,
2003 1290 2138 1345 quae
2156 1274 2221 1327 ad

336 1367 514 1405 meum
544 1368 763 1421 scopum
792 1355 1014 1418 faciunt,
1052 1356 1268 1419 notabog
1309 1372 1500 1425 nempe
1527 1356 1672 1425 qnod
1697 1364 1878 1409 contra
1895 1356 1990 1408 Dei
2009 1366 2224 1420 reguum

334 1444 441 1483 uon
462 1437 685 1497 pugnet,
714 1446 977 1485 summam
1004 1436 1326 1488 maiestatem
1347 1434 1560 1501 eligere,
1583 1448 1716 1502 quae
1735 1446 2001 1486 summum
2019 1430 2223 1499 imperil

338 1508 424 1559 ius
451 1506 652 1561 hebeat.
724 1511 778 1561 4.
814 1511 943 1563 Nam
972 1518 1247 1578 postquam
1268 1510 1494 1564 Hebraei
1515 1526 1669 1564 suum
1691 1512 1778 1564 ius
1794 1512 1846 1563 iu
1865 1510 2034 1561 Deum
2053 1516 2226 1560 trans-

340 1584 595 1647 tulerunt,
630 1586 715 1637 ius
742 1600 1009 1639 summum
1039 1589 1328 1656 imperandi
1347 1590 1482 1641 Mosl
1501 1589 1847 1651 tradiderunt,
1881 1586 2078 1653 quique
2095 1585 2225 1637 adeo

338 1662 485 1714 solus
520 1663 875 1715 auctoritatem
915 1663 1095 1716 babuit
1129 1666 1271 1731 leges
1311 1666 1406 1717 Dei
1442 1666 1652 1718 nomine
1687 1662 1946 1717 condendi
1985 1669 2036 1714 et
2068 1661 2228 1717 abro-

338 1739 520 1805 gandi,
565 1754 831 1792 sacrorum
860 1741 1125 1794 ministros
1142 1742 1394 1808 eligendi,
1429 1741 1724 1806 iudicandi,
1756 1741 1974 1794 docendi
1993 1748 2046 1792 et
2063 1740 2226 1792 casti-

339 1815 517 1882 gandi,
542 1824 595 1868 et
610 1815 859 1870 omuibus
880 1818 1108 1887 denique
1126 1822 1300 1873 omnin
1317 1819 1556 1874 absolute
1571 1819 1877 1888 imperandi.
1937 1820 1990 1872 5.
2025 1817 2226 1870 Deinde

342 1893 513 1959 quod,
572 1895 812 1960 quamvis
864 1910 1129 1949 sacrorum
1175 1898 1402 1950 ministri
1445 1898 1617 1965 legum
1663 1899 1966 1965 interpretes
2015 1895 2222 1958 fuerint,

340 1985 521 2022 eorum
549 1979 719 2024 temen
752 1987 858 2024 nou
884 1981 1025 2038 erat,
1066 1976 1201 2028 cives
1218 1976 1475 2038 iudicare,
1511 1989 1610 2026 uec
1627 1974 1852 2040 aliquem
1873 1974 2230 2026 excommuni-

342 2062 456 2101 care
485 2047 607 2114 (boc
634 2050 771 2102 euim
805 2058 1003 2104 tentum
1035 2051 1304 2104 iudicibus
1331 2059 1381 2104 et
1409 2052 1732 2120 principibus
1761 2066 1819 2104 ex
1837 2051 2030 2119 populo
2045 2050 2226 2103 electis

345 2124 723 2193 competebat),
772 2127 887 2179 vide
933 2131 1121 2182 Iosuae
1156 2144 1276 2196 cap.
1315 2130 1367 2182 6.
1409 2142 1543 2182 vers.
1583 2130 1671 2185 26.
1709 2128 1949 2180 Iud-icum
1983 2139 2098 2192 cap.
2135 2126 2224 2189 2¹.-

340 2219 477 2256 vers.
513 2203 595 2256 18.
634 2211 685 2254 et
723 2203 748 2256 1
784 2205 1041 2258 Samuelis
1070 2221 1183 2275 cap.
1219 2208 1303 2259 14.
1341 2221 1473 2259 vers.
1496 2207 1584 2260 24.
1666 2209 1718 2259 6.
1755 2207 1964 2258 Praeter
1989 2202 2138 2266 baec,
2181 2203 2228 2254 si

339 2281 496 2333 etiam
532 2280 596 2332 nd
630 2279 991 2335 Hebraeorum
1026 2298 1308 2336 successus
1343 2291 1394 2335 et
1430 2283 1669 2336 historias
1697 2282 1960 2336 attendere
1987 2279 2225 2344 velimus,

340 2357 435 2408 alia
459 2356 608 2424 digne
631 2359 785 2412 etiam
808 2366 866 2410 ut
884 2367 1130 2414 notentur
1147 2363 1490 2430 reperiemus.
1558 2361 1812 2415 Videlicet
1829 2363 1874 2412 1.
1895 2357 2035 2424 quod
2055 2357 2230 2410 nullae

340 2436 393 2486 ln
432 2434 675 2500 religione
711 2443 879 2489 sectae
921 2438 1141 2499 suerint,
1182 2439 1285 2490 uisi
1313 2445 1591 2506 postquam
1621 2435 1888 2505 pontifices
1915 2437 1968 2486 in
1997 2433 2232 2486 secundo

341 2513 559 2579 imperio
607 2513 962 2566 auctoritatem
1009 2513 1307 2568 babuerunt
1353 2514 1644 2573 decretaudi
1691 2520 1741 2564 et
1785 2513 1986 2578 negotia
2026 2510 2232 2579 imperii

342 2588 618 2650 tractandi,
660 2605 791 2655 quae
829 2592 1106 2644 auctoritas
1144 2600 1201 2644 ut
1236 2600 1440 2646 aeterna
1470 2599 1630 2651 esset,
1671 2590 1754 2642 ius
1779 2589 1881 2642 sibi
1911 2589 2230 2657 principatus

340 2675 752 2734 usurpaverunt,
793 2676 845 2719 et
872 2669 1081 2722 tandem
1114 2684 1260 2736 reges
1289 2669 1532 2737 appellari
1554 2666 1844 2719 voluerunt.
1918 2667 1970 2718 7.
2007 2666 2230 2718 Retioiu

338 2751 585 2812 promptu
614 2752 719 2806 est;
761 2744 814 2797 iu
847 2747 1015 2812 primo
1044 2761 1268 2813 namque
1303 2746 1516 2813 imperio
1546 2744 1684 2796 nulla
1705 2743 1974 2798 decretalia
1995 2756 2182 2794 nomeu
2203 2755 2230 2792 a

339 2822 580 2889 pontifice
618 2821 804 2875 habere
842 2829 1102 2890 poterant,
1141 2823 1566 2889 quandoquidem
1596 2821 1800 2874 nullum
1828 2823 1910 2874 ius
1939 2818 2232 2872 decretandi

340 2897 627 2959 habebant,
666 2901 759 2952 sed
798 2883 1001 2953 {autum
1037 2901 1131 2951 Dei
1158 2915 1436 2968 responsa,
1477 2914 1508 2952 a
1537 2896 1864 2966 principibus
1891 2897 1969 2952 vel
1996 2893 2231 2949 conciliis

344 2975 534 3039 rogati,
572 2975 759 3038 dandi3
797 2993 857 3029 ac
876 2983 1147 3045 propterea
1169 2977 1315 3030 nulla
1335 2985 1444 3030 tum
1463 2977 1531 3029 lis
1549 2976 1716 3031 libido
1735 2991 1851 3030 esse
1870 2975 2062 3045 potuit,
2102 2986 2232 3026 nova

447 3140 488 3190 ⁶)
515 3138 616 3184 vid.
635 3143 663 3184 ²
680 3141 785 3190 Cer.
806 3146 849 3203 8,
867 3148 910 3190 8.
