2548 3485
10 1677 20 1805 ή-Ὺ-

1080 178 1216 224 car.
1271 178 1328 222 v.
2069 173 2142 231 81

265 353 401 404 enim
434 351 661 420 populns
692 367 840 420 agere
868 359 1095 422 poterat,
1134 355 1257 422 quin
1288 353 1442 406 simul
1465 359 1724 406 teneretur
1742 353 1870 420 legis
1900 353 2152 406 recordari

264 437 315 480 et
343 430 581 481 mandata
610 432 847 498 exsequi,
890 445 1023 498 quae
1050 445 1077 482 a
1113 431 1223 482 solo
1259 433 1560 499 imperantis
1597 430 1804 484 arbitrio
1839 430 2150 498 pendebant.

264 509 379 558 Non
400 509 541 560 euim
559 508 622 559 ad
640 507 847 560 libitum
863 549 877 572 ,
907 509 1000 561 sed
1020 509 1306 560 secundum
1331 517 1527 561 certum
1547 517 1600 560 et
1619 508 2014 560 determinatum
2035 509 2152 559 ins-

266 599 385 636 sum
422 585 551 652 legis
586 583 775 638 licebat
810 601 952 638 arare
976 623 991 649 ,
1048 587 1332 648 seminare,
1391 593 1610 648 metere,
1667 587 1789 638 item
1827 599 1922 636 nec
1957 586 2152 651 aliquid

268 661 555 726 comedere,
574 687 577 692 ·
594 654 840 726 induere,
868 678 1039 730 neque
1060 669 1281 728 caputet
1300 662 1513 715 barbam
1534 663 1726 726 radere,
1771 677 1940 729 neque
1959 663 2153 724 laetari,

269 753 363 791 nec
382 738 619 792 absolute
640 739 838 805 aliquid
859 754 1006 807 agere
1024 738 1227 803 licebat,
1252 740 1354 792 nisi
1375 741 1664 792 secundum
1683 740 1827 792 iussa
1847 747 1899 792 et
1915 740 2158 792 mandata

270 817 323 866 in
351 816 557 881 legibus
584 817 925 884 praescripta,
968 830 1063 868 nec
1090 815 1188 868 hoc
1214 824 1410 869 tantum
1430 857 1443 881 ,
1483 818 1576 870 sed
1615 818 1765 868 etiam
1807 818 1858 869 in
1897 817 2154 885 postibus,

270 892 513 944 manibus
541 901 593 946 et
618 894 751 945 inter
778 893 958 945 oculos
988 896 1133 960 signa
1162 894 1415 960 quaedam
1447 894 1632 946 habere
1653 893 1985 958 tenebantur,
2025 909 2158 960 quae

273 983 361 1020 eos
400 985 608 1036 semper
642 984 737 1037 per
770 969 1113 1022 obedientiam
1151 979 1440 1024 monerent.
1514 972 1598 1023 31.
1637 972 1738 1022 Hic
1775 972 1932 1036 igitur
1965 985 2157 1038 scopus

274 1048 677 1099 ceremoniarum
714 1047 839 1110 fuit,
890 1055 949 1098 ut
984 1047 1219 1099 homines
1259 1049 1385 1100 nihil
1431 1063 1488 1100 ex
1533 1049 1739 1114 proprio
1787 1049 2016 1111 decreto,
2063 1047 2156 1099 sed

274 1125 444 1175 omnia
464 1139 523 1177 ex
544 1124 783 1176 mandato
802 1124 1013 1187 alterius
1032 1132 1238 1192 agerent
1256 1133 1306 1176 et
1325 1127 1585 1177 continuis
1603 1125 1892 1177 actionibus
1911 1132 1964 1176 et
1984 1124 2156 1177 medi-

274 1202 554 1255 tationibus
589 1202 901 1266 faterentur,
938 1217 995 1254 se
1024 1202 1151 1253 nihil
1179 1217 1394 1270 prorsus
1431 1203 1545 1265 sui,
1585 1201 1680 1254 sed
1707 1204 1918 1256 omnino
1945 1203 2154 1254 alterius

276 1280 405 1330 iuris
435 1293 569 1348 esse,
642 1280 719 1329 Ex
745 1279 940 1344 quibus
967 1279 1211 1330 omnibus
1230 1279 1346 1331 luce
1365 1279 1552 1331 otarius
1573 1285 1802 1342 constat,
1841 1281 2158 1332 ceremonias

276 1356 339 1407 ad
360 1355 730 1408 beatitudinem
750 1355 876 1408 nihii
899 1357 1089 1418 facere,
1116 1363 1167 1407 et
1184 1357 1298 1407 illas
1320 1357 1500 1408 veteris
1521 1359 1843 1420 testamenti,
1875 1358 1981 1408 imo
2002 1363 2157 1407 totam

277 1432 440 1498 legem
469 1433 635 1484 Mosis
664 1432 791 1484 nihii
818 1433 959 1484 aliud
989 1447 1143 1498 quam
1167 1432 1520 1485 Hebraeorum
1549 1434 1853 1500 imperium,
1895 1441 1944 1485 et
1973 1447 2160 1484 conse-

278 1516 491 1575 quenter
518 1509 647 1561 nihii
678 1516 879 1576 praeter
904 1511 1130 1576 corporis
1161 1509 1431 1562 commoda
1459 1511 1789 1576 spectavisse.
1881 1510 1965 1564 32.
2005 1509 2156 1573 Quod

278 1592 451 1638 autem
478 1587 540 1638 ad
573 1581 975 1641 Christianorum
1008 1587 1328 1639 ceremonias
1357 1588 1560 1650 attinet,
1601 1601 1790 1654 nempe
1818 1585 2156 1654 baptismum,

278 1678 489 1715 coenam
526 1664 865 1727 dominicam,
908 1663 1065 1729 festa,
1106 1666 1364 1716 orationes
1401 1671 1629 1716 externas
1665 1671 1715 1716 et
1741 1667 1784 1716 si
1823 1678 1954 1730 quae
1991 1663 2159 1714 adhuc

279 1741 423 1805 aliae,
466 1757 597 1808 quae
618 1742 707 1794 toti
728 1741 1119 1793 Christianismo
1138 1756 1443 1795 communes
1463 1750 1586 1795 sunt
1603 1756 1911 1809 semperque
1929 1739 2153 1804 fuerunt,

278 1820 433 1872 sicae
452 1834 684 1885 unquam
706 1834 733 1871 a
755 1818 959 1871 Christo
977 1827 1065 1871 aut
1082 1818 1147 1871 ab
1166 1820 1416 1887 apostolis
1435 1820 1701 1872 institutae
1719 1826 1845 1872 sunt
1872 1818 2034 1886 (quod
2065 1819 2160 1872 ad·-

278 1896 380 1949 huc
411 1896 535 1947 mihi
565 1910 668 1947 non
696 1898 821 1947 satis
850 1898 1103 1965 constat),
1143 1912 1233 1949 eae
1262 1911 1367 1948 nen
1387 1897 1488 1948 nisi
1510 1906 1565 1948 ut
1583 1896 1888 1949 unWersalis
1917 1897 2158 1949 ecciesiae

280 1976 424 2041 signa
446 1980 649 2027 externa
667 1974 930 2026 institutae
951 1980 1102 2036 sunt,
1133 1988 1238 2024 >non
1258 1979 1430 2026 autem
1449 1980 1506 2025 ut
1524 1988 1632 2038 reS,
1676 1988 1810 2040 quae
1838 1974 1900 2025 ad
1933 1973 2160 2025 beatitu-

280 2051 453 2103 dinem
490 2048 688 2115 aliquid
724 2049 921 2101 faciunt
957 2049 1033 2101 vel
1070 2065 1203 2116 quae
1238 2050 1433 2115 aliquid
1473 2052 1842 2102 sanctimoniae
1879 2052 1931 2101 in
1969 2066 2026 2101 se
2064 2051 2159 2101 ha-

278 2127 455 2181 beant.
526 2127 616 2179 33.
654 2128 827 2191 Quare
846 2127 1083 2193 quamvis
1114 2126 1209 2178 hae
1236 2128 1554 2178 ceremoniae
1579 2142 1684 2178 non
1715 2130 1905 2179 ratione
1932 2129 2156 2195 imperii,

280 2206 471 2257 ratione
498 2210 669 2256 tamen
688 2204 915 2271 integrae
934 2205 1194 2255 societatis
1210 2210 1413 2257 tantum
1442 2204 1708 2258 institutae
1734 2210 1882 2264 sunt;
1925 2204 2157 2272 adeoque

280 2282 394 2345 iile,
423 2283 513 2350 qui
532 2281 677 2334 solus
696 2282 837 2343 vivit,
873 2280 936 2333 iis
956 2281 1171 2333 minime
1189 2287 1416 2342 tenetur,
1443 2283 1573 2346 imo,
1607 2281 1770 2347 quiin
1791 2282 2034 2347 imperio,
2068 2281 2158 2333 ubi

282 2359 566 2411 Christiana
587 2360 765 2425 religio
782 2357 1109 2410 interdictum
1128 2364 1237 2419 est,
1278 2359 1430 2421 vivit,
1472 2359 1518 2410 is
1545 2358 1609 2414 ab
1640 2356 1721 2409 his
1741 2360 2044 2411 ceremoniis
2065 2359 2161 2411 ab-

282 2436 473 2489 stinere
502 2443 731 2499 tenetur,
772 2443 823 2489 et
852 2434 1013 2487 nihilo
1042 2436 1215 2487 minus
1233 2436 1422 2503 poterit
1439 2433 1585 2487 beate
1605 2436 1788 2489 vivere.
1861 2437 1948 2488 34.
1985 2437 2159 2488 Huius

281 2516 353 2565 rei
382 2513 669 2579 exemplum
698 2514 751 2564 in
780 2526 938 2578 regno
966 2513 1333 2579 Iaponensium
1362 2510 1606 2576 hahetur,
1645 2512 1737 2564 ubi
1759 2513 2044 2565 Christiana
2073 2530 2159 2566 re-

216 2606 223 2609 ·
282 2590 400 2655 ligio
418 2590 685 2643 interdicta
703 2598 808 2651 est,
840 2597 891 2640 et
910 2588 1121 2655 Belgae,
1155 2590 1243 2655 qui
1264 2588 1335 2640 ibi
1357 2588 1607 2655 habitant,
1650 2605 1708 2642 ex
1730 2590 1970 2643 mandato
1990 2594 2160 2643 socie-

282 2668 401 2718 tatis
430 2665 607 2717 Indiae
636 2665 913 2718 Orientalis
942 2666 1006 2718 ab
1036 2668 1175 2718 omni
1205 2672 1412 2718 >externo
1441 2666 1580 2717 cultu
1609 2665 1866 2721 abstinere
1899 2674 2155 2721 tenentur.

280 2746 387 2795 Nec
424 2741 521 2794 hoc
556 2742 652 2795 alia
684 2740 983 2795 auctoritate
1018 2744 1119 2795 iam
1156 2742 1454 2795 confirmare
1481 2750 1628 2809 puto.
1699 2745 1766 2796 Et
1791 2748 2022 2812 quamvis
2053 2760 2157 2795 non

282 2820 489 2872 difficile
518 2818 645 2871 soret
668 2820 767 2871 hoc
795 2821 965 2887 ipsum
995 2822 1149 2872 etiam
1168 2836 1227 2872 ex
1246 2819 1600 2872 fundamentis
1619 2823 1734 2873 novi
1754 2823 2041 2874 testamenti
2062 2822 2158 2874 de-

284 2899 501 2959 ducere,
540 2905 591 2948 et
608 2896 737 2949 forte
758 2897 906 2949 claris
925 2898 1139 2965 insuper
1168 2898 1478 2950 testimoniis
1505 2898 1800 2961 ostendere,
1842 2899 1964 2950 haec
1983 2904 2154 2949 tamen

281 2974 531 3027 libentius
548 2976 713 3028 missa
731 2974 861 3027 facio
874 3015 907 3039 ,.
928 2976 1049 3042 quia
1066 2974 1130 3027 ad
1152 2975 1251 3027 alia
1270 2974 1482 3027 festinat
1501 2978 1724 3026 animus.
1797 2977 1957 3041 Pergo
1985 2977 2156 3041 itaque

284 3050 347 3102 ad
378 3044 456 3115 id,
476 3051 565 3103 -de
588 3066 697 3119 quo
724 3051 952 3104 secundo
970 3051 1082 3104 loco.
1100 3054 1153 3103 in
1174 3053 1269 3104 hoc
1289 3054 1452 3119 capite
1479 3066 1628 3118 agere
1653 3052 1920 3112 constitui;
1962 3052 2157 3103 scilieet

286 3128 522 3195 quibus
576 3136 635 3180 et
687 3143 808 3195 qua
860 3130 1107 3182 ratione
1160 3129 1326 3183 fides
1378 3128 1793 3181 historiarum
1837 3126 1900 3176 in
1949 3126 2180 3177 sacris·

354 3213 580 3283 Spinoza
615 3216 707 3265 111.
1701 3210 1732 3261 6
