<?xml version="1.0" encoding="UTF-8"?>
<!DOCTYPE html PUBLIC "-//W3C//DTD XHTML 1.0 Transitional//EN"
    "http://www.w3.org/TR/xhtml1/DTD/xhtml1-transitional.dtd">
<html xmlns="http://www.w3.org/1999/xhtml" xml:lang="en" lang="en">
 <head>
  <title>
</title>
<meta http-equiv="Content-Type" content="text/html;charset=utf-8" />
  <meta name='ocr-system' content='tesseract 3.04.00' />
  <meta name='ocr-capabilities' content='ocr_page ocr_carea ocr_par ocr_line ocrx_word'/>
</head>
<body>
  <div class='ocr_page' id='page_1' title='image "benedictidespin05brudgoog_0232.png"; bbox 0 0 2548 3485; ppageno 0'>
   <div class='ocr_carea' id='block_1_1' title="bbox 341 147 1826 209">
    <p class='ocr_par' dir='ltr' id='par_1_1' title="bbox 341 147 1826 209">
     <span class='ocr_line' id='line_1_1' title="bbox 341 147 1826 209; baseline -0.002 -9"><span class='ocrx_word' id='word_1_1' title='bbox 341 147 466 209; x_wconf 84' lang='grc'><strong>208</strong></span> <span class='ocrx_word' id='word_1_2' title='bbox 667 158 671 163; x_wconf 84' lang='grc'>’</span> <span class='ocrx_word' id='word_1_3' title='bbox 744 150 1133 197; x_wconf 74' lang='lat' dir='ltr'><strong>TRAc&#39;rA&#39;rUs</strong></span> <span class='ocrx_word' id='word_1_4' title='bbox 1170 151 1826 197; x_wconf 64' lang='lat' dir='ltr'><strong>Tflssommco-Pomr.</strong></span> 
     </span>
    </p>
   </div>
   <div class='ocr_carea' id='block_1_2' title="bbox 290 329 2296 1403">
    <p class='ocr_par' dir='ltr' id='par_1_2' title="bbox 290 329 2296 1403">
     <span class='ocr_line' id='line_1_2' title="bbox 444 329 2220 399; baseline -0.001 -16"><span class='ocrx_word' id='word_1_5' title='bbox 444 330 496 383; x_wconf 89' lang='grc'><strong>7.</strong></span> <span class='ocrx_word' id='word_1_6' title='bbox 549 331 638 383; x_wconf 79' lang='lat' dir='ltr'><strong>Im</strong></span> <span class='ocrx_word' id='word_1_7' title='bbox 692 331 863 396; x_wconf 87' lang='lat' dir='ltr'><strong>itaque</strong></span> <span class='ocrx_word' id='word_1_8' title='bbox 911 330 1165 389; x_wconf 73' lang='lat' dir='ltr'><strong>naturale,</strong></span> <span class='ocrx_word' id='word_1_9' title='bbox 1212 331 1622 395; x_wconf 66' lang='lat' dir='ltr'><strong>venitm-uimque</strong></span> <span class='ocrx_word' id='word_1_10' title='bbox 1670 329 1896 399; x_wconf 63' lang='lat' dir='ltr'><strong>hominia</strong></span> <span class='ocrx_word' id='word_1_11' title='bbox 1940 342 2042 381; x_wconf 87' lang='lat' dir='ltr'><strong>non</strong></span> <span class='ocrx_word' id='word_1_12' title='bbox 2098 342 2220 381; x_wconf 81' lang='lat' dir='ltr'><strong>sana</strong></span> 
     </span>
     <span class='ocr_line' id='line_1_3' title="bbox 342 406 2222 473; baseline -0.001 -15"><span class='ocrx_word' id='word_1_13' title='bbox 342 408 564 472; x_wconf 85' lang='lat' dir='ltr'><strong>ratione,</strong></span> <span class='ocrx_word' id='word_1_14' title='bbox 623 408 713 460; x_wconf 85' lang='lat' dir='ltr'><strong>sed</strong></span> <span class='ocrx_word' id='word_1_15' title='bbox 756 408 1031 473; x_wconf 84' lang='lat' dir='ltr'><strong>cupiditate</strong></span> <span class='ocrx_word' id='word_1_16' title='bbox 1076 414 1129 458; x_wconf 83' lang='lat' dir='ltr'><strong>et</strong></span> <span class='ocrx_word' id='word_1_17' title='bbox 1170 408 1399 472; x_wconf 83' lang='lat' dir='ltr'><strong>potentia</strong></span> <span class='ocrx_word' id='word_1_18' title='bbox 1446 407 1836 459; x_wconf 85' lang='lat' dir='ltr'><strong>determinatur.</strong></span> <span class='ocrx_word' id='word_1_19' title='bbox 1921 406 2038 459; x_wconf 83' lang='lat' dir='ltr'><strong>Non</strong></span> <span class='ocrx_word' id='word_1_20' title='bbox 2085 408 2222 459; x_wconf 84' lang='lat' dir='ltr'><strong>enim</strong></span> 
     </span>
     <span class='ocr_line' id='line_1_4' title="bbox 336 476 2223 549; baseline -0.001 -12.997"><span class='ocrx_word' id='word_1_21' title='bbox 336 498 525 537; x_wconf 86' lang='lat' dir='ltr'><strong>omnes</strong></span> <span class='ocrx_word' id='word_1_22' title='bbox 570 484 869 536; x_wconf 73' lang='lat' dir='ltr'><strong>naturaliter</strong></span> <span class='ocrx_word' id='word_1_23' title='bbox 912 482 1238 535; x_wconf 80' lang='lat' dir='ltr'><strong>determinati</strong></span> <span class='ocrx_word' id='word_1_24' title='bbox 1284 490 1410 535; x_wconf 87' lang='lat' dir='ltr'><strong>sunt</strong></span> <span class='ocrx_word' id='word_1_25' title='bbox 1455 483 1518 535; x_wconf 81' lang='lat' dir='ltr'><strong>ad</strong></span> <span class='ocrx_word' id='word_1_26' title='bbox 1565 476 1884 549; x_wconf 78' lang='lat' dir='ltr'><strong>operandum</strong></span> <span class='ocrx_word' id='word_1_27' title='bbox 1930 478 2223 536; x_wconf 81' lang='lat' dir='ltr'><strong>seenn‘dum</strong></span> 
     </span>
     <span class='ocr_line' id='line_1_5' title="bbox 340 550 2222 627; baseline 0 -16"><span class='ocrx_word' id='word_1_28' title='bbox 340 562 541 627; x_wconf 78' lang='lat' dir='ltr'><strong>regulas</strong></span> <span class='ocrx_word' id='word_1_29' title='bbox 572 568 625 613; x_wconf 85' lang='lat' dir='ltr'><strong>et</strong></span> <span class='ocrx_word' id='word_1_30' title='bbox 650 563 789 627; x_wconf 79' lang='lat' dir='ltr'><strong>leges</strong></span> <span class='ocrx_word' id='word_1_31' title='bbox 817 561 1057 621; x_wconf 67' lang='lat' dir='ltr'><strong>rationis:</strong></span> <span class='ocrx_word' id='word_1_32' title='bbox 1096 559 1191 612; x_wconf 86' lang='lat' dir='ltr'><strong>sed</strong></span> <span class='ocrx_word' id='word_1_33' title='bbox 1222 568 1396 613; x_wconf 79' lang='lat' dir='ltr'><strong>eontra</strong></span> <span class='ocrx_word' id='word_1_34' title='bbox 1418 574 1600 612; x_wconf 86' lang='lat' dir='ltr'><strong>omnes</strong></span> <span class='ocrx_word' id='word_1_35' title='bbox 1617 550 1779 625; x_wconf 78' lang='lat' dir='ltr'><strong>ignari</strong></span> <span class='ocrx_word' id='word_1_36' title='bbox 1800 560 2032 612; x_wconf 87' lang='lat' dir='ltr'><strong>omnium</strong></span> <span class='ocrx_word' id='word_1_37' title='bbox 2051 574 2222 611; x_wconf 86' lang='lat' dir='ltr'><strong>rerum</strong></span> 
     </span>
     <span class='ocr_line' id='line_1_6' title="bbox 344 637 2226 705; baseline -0.001 -16"><span class='ocrx_word' id='word_1_38' title='bbox 344 646 653 699; x_wconf 87' lang='lat' dir='ltr'><strong>nascuntur,</strong></span> <span class='ocrx_word' id='word_1_39' title='bbox 696 644 746 691; x_wconf 89' lang='lat' dir='ltr'><strong>et</strong></span> <span class='ocrx_word' id='word_1_40' title='bbox 778 644 1054 703; x_wconf 85' lang='lat' dir='ltr'><strong>antequam</strong></span> <span class='ocrx_word' id='word_1_41' title='bbox 1083 648 1254 690; x_wconf 85' lang='lat' dir='ltr'><strong>veram</strong></span> <span class='ocrx_word' id='word_1_42' title='bbox 1281 637 1480 690; x_wconf 83' lang='lat' dir='ltr'><strong>vivendi</strong></span> <span class='ocrx_word' id='word_1_43' title='bbox 1500 637 1748 688; x_wconf 89' lang='lat' dir='ltr'><strong>rationem</strong></span> <span class='ocrx_word' id='word_1_44' title='bbox 1769 651 1981 689; x_wconf 79' lang='lat' dir='ltr'><strong>noscere</strong></span> <span class='ocrx_word' id='word_1_45' title='bbox 2000 645 2226 705; x_wconf 82' lang='lat' dir='ltr'><strong>possunt</strong></span> 
     </span>
     <span class='ocr_line' id='line_1_7' title="bbox 341 711 2226 803; baseline 0 -38"><span class='ocrx_word' id='word_1_46' title='bbox 341 722 391 765; x_wconf 86' lang='lat' dir='ltr'><strong>et</strong></span> <span class='ocrx_word' id='word_1_47' title='bbox 410 716 609 767; x_wconf 84' lang='lat' dir='ltr'><strong>virtutis</strong></span> <span class='ocrx_word' id='word_1_48' title='bbox 630 714 859 787; x_wconf 80' lang='lat' dir='ltr'><strong>habitum</strong></span> <span class='ocrx_word' id='word_1_49' title='bbox 880 711 1169 781; x_wconf 82' lang='lat' dir='ltr'><strong>aeq&#39;uirere,</strong></span> <span class='ocrx_word' id='word_1_50' title='bbox 1210 728 1396 803; x_wconf 72' lang='lat' dir='ltr'><strong>magna</strong></span> <span class='ocrx_word' id='word_1_51' title='bbox 1414 715 1596 767; x_wconf 87' lang='lat' dir='ltr'><strong>aetatis</strong></span> <span class='ocrx_word' id='word_1_52' title='bbox 1617 728 1764 779; x_wconf 73' lang='lat' dir='ltr'><strong>par-S,</strong></span> <span class='ocrx_word' id='word_1_53' title='bbox 1805 716 1902 767; x_wconf 85' lang='lat' dir='ltr'><strong>etsi</strong></span> <span class='ocrx_word' id='word_1_54' title='bbox 1934 714 2064 766; x_wconf 87' lang='lat' dir='ltr'><strong>bene</strong></span> <span class='ocrx_word' id='word_1_55' title='bbox 2093 714 2226 765; x_wconf 88' lang='lat' dir='ltr'><strong>edu-</strong></span> 
     </span>
     <span class='ocr_line' id='line_1_8' title="bbox 340 778 2220 855; baseline 0.001 -14"><span class='ocrx_word' id='word_1_56' title='bbox 340 792 438 843; x_wconf 83' lang='lat' dir='ltr'><strong>cati</strong></span> <span class='ocrx_word' id='word_1_57' title='bbox 474 791 693 854; x_wconf 77' lang='lat' dir='ltr'><strong>fuerint,</strong></span> <span class='ocrx_word' id='word_1_58' title='bbox 743 778 950 854; x_wconf 75' lang='lat' dir='ltr'><strong>transit,</strong></span> <span class='ocrx_word' id='word_1_59' title='bbox 1000 798 1051 841; x_wconf 90' lang='lat' dir='ltr'><strong>et</strong></span> <span class='ocrx_word' id='word_1_60' title='bbox 1090 790 1284 842; x_wconf 81' lang='lat' dir='ltr'><strong>nihiio‘</strong></span> <span class='ocrx_word' id='word_1_61' title='bbox 1285 792 1456 843; x_wconf 87' lang='lat' dir='ltr'><strong>minus</strong></span> <span class='ocrx_word' id='word_1_62' title='bbox 1503 792 1708 843; x_wconf 85' lang='lat' dir='ltr'><strong>interim</strong></span> <span class='ocrx_word' id='word_1_63' title='bbox 1755 792 1918 844; x_wconf 83' lang='lat' dir='ltr'><strong>vivere</strong></span> <span class='ocrx_word' id='word_1_64' title='bbox 1965 799 2220 855; x_wconf 87' lang='lat' dir='ltr'><strong>tenentur,</strong></span> 
     </span>
     <span class='ocr_line' id='line_1_9' title="bbox 340 869 2226 935; baseline 0 -16"><span class='ocrx_word' id='word_1_65' title='bbox 340 882 530 934; x_wconf 82' lang='lat' dir='ltr'><strong>seque,</strong></span> <span class='ocrx_word' id='word_1_66' title='bbox 570 876 822 935; x_wconf 79' lang='lat' dir='ltr'><strong>quantum</strong></span> <span class='ocrx_word' id='word_1_67' title='bbox 850 870 904 919; x_wconf 94' lang='lat' dir='ltr'><strong>in</strong></span> <span class='ocrx_word' id='word_1_68' title='bbox 932 882 991 921; x_wconf 88' lang='lat' dir='ltr'><strong>se</strong></span> <span class='ocrx_word' id='word_1_69' title='bbox 1017 874 1125 930; x_wconf 89' lang='lat' dir='ltr'><strong>est,</strong></span> <span class='ocrx_word' id='word_1_70' title='bbox 1166 881 1491 927; x_wconf 78' lang='lat' dir='ltr'><strong>conservare,</strong></span> <span class='ocrx_word' id='word_1_71' title='bbox 1531 882 1718 934; x_wconf 81' lang='lat' dir='ltr'><strong>nempe</strong></span> <span class='ocrx_word' id='word_1_72' title='bbox 1748 883 1808 919; x_wconf 80' lang='lat' dir='ltr'><strong>ex</strong></span> <span class='ocrx_word' id='word_1_73' title='bbox 1833 869 1944 921; x_wconf 87' lang='lat' dir='ltr'><strong>soio</strong></span> <span class='ocrx_word' id='word_1_74' title='bbox 1964 870 2226 935; x_wconf 82' lang='lat' dir='ltr'><strong>appeti-tus</strong></span> 
     </span>
     <span class='ocr_line' id='line_1_10' title="bbox 338 942 2296 1012; baseline -0.001 -14"><span class='ocrx_word' id='word_1_75' title='bbox 338 946 599 1011; x_wconf 85' lang='lat' dir='ltr'><strong>impuisu;</strong></span> <span class='ocrx_word' id='word_1_76' title='bbox 640 944 1064 1012; x_wconf 85' lang='lat' dir='ltr'><strong>quandoquidem</strong></span> <span class='ocrx_word' id='word_1_77' title='bbox 1095 952 1276 998; x_wconf 71' lang='lat' dir='ltr'><strong>natura</strong></span> <span class='ocrx_word' id='word_1_78' title='bbox 1308 945 1372 996; x_wconf 87' lang='lat' dir='ltr'><strong>iis</strong></span> <span class='ocrx_word' id='word_1_79' title='bbox 1403 944 1527 996; x_wconf 86' lang='lat' dir='ltr'><strong>nihii</strong></span> <span class='ocrx_word' id='word_1_80' title='bbox 1561 945 1700 997; x_wconf 90' lang='lat' dir='ltr'><strong>aiiud</strong></span> <span class='ocrx_word' id='word_1_81' title='bbox 1731 946 1873 997; x_wconf 81' lang='lat' dir='ltr'><strong>dedit</strong></span> <span class='ocrx_word' id='word_1_82' title='bbox 1897 953 1948 996; x_wconf 84' lang='lat' dir='ltr'><strong>et</strong></span> <span class='ocrx_word' id='word_1_83' title='bbox 1973 946 2224 997; x_wconf 75' lang='lat' dir='ltr'><strong>actualem</strong></span> <span class='ocrx_word' id='word_1_84' title='bbox 2289 942 2296 949; x_wconf 77' lang='grc'><em>“</em></span> 
     </span>
     <span class='ocr_line' id='line_1_11' title="bbox 341 1021 2224 1089; baseline 0.001 -17"><span class='ocrx_word' id='word_1_85' title='bbox 341 1024 619 1089; x_wconf 85' lang='lat' dir='ltr'><strong>potentiam</strong></span> <span class='ocrx_word' id='word_1_86' title='bbox 656 1038 715 1074; x_wconf 81' lang='lat' dir='ltr'><strong>ex</strong></span> <span class='ocrx_word' id='word_1_87' title='bbox 751 1036 874 1073; x_wconf 85' lang='lat' dir='ltr'><strong>sana</strong></span> <span class='ocrx_word' id='word_1_88' title='bbox 914 1023 1109 1074; x_wconf 84' lang='lat' dir='ltr'><strong>ratione</strong></span> <span class='ocrx_word' id='word_1_89' title='bbox 1146 1021 1348 1073; x_wconf 79' lang='lat' dir='ltr'><strong>vivendi</strong></span> <span class='ocrx_word' id='word_1_90' title='bbox 1385 1022 1678 1088; x_wconf 79' lang='lat' dir='ltr'><strong>denegavit,</strong></span> <span class='ocrx_word' id='word_1_91' title='bbox 1732 1030 1783 1073; x_wconf 90' lang='lat' dir='ltr'><strong>et</strong></span> <span class='ocrx_word' id='word_1_92' title='bbox 1816 1031 2081 1089; x_wconf 79' lang='lat' dir='ltr'><strong>propterea</strong></span> <span class='ocrx_word' id='word_1_93' title='bbox 2121 1038 2224 1073; x_wconf 91' lang='lat' dir='ltr'><strong>non</strong></span> 
     </span>
     <span class='ocr_line' id='line_1_12' title="bbox 342 1098 2226 1165; baseline 0 -14"><span class='ocrx_word' id='word_1_94' title='bbox 342 1100 506 1164; x_wconf 81' lang='lat' dir='ltr'><strong>magis</strong></span> <span class='ocrx_word' id='word_1_95' title='bbox 540 1113 600 1153; x_wconf 81' lang='lat' dir='ltr'><strong>ex</strong></span> <span class='ocrx_word' id='word_1_96' title='bbox 636 1098 836 1165; x_wconf 81' lang='lat' dir='ltr'><strong>iegibus</strong></span> <span class='ocrx_word' id='word_1_97' title='bbox 873 1113 1029 1151; x_wconf 78' lang='lat' dir='ltr'><strong>sanae</strong></span> <span class='ocrx_word' id='word_1_98' title='bbox 1066 1100 1256 1153; x_wconf 81' lang='lat' dir='ltr'><strong>mentis</strong></span> <span class='ocrx_word' id='word_1_99' title='bbox 1292 1100 1458 1151; x_wconf 83' lang='lat' dir='ltr'><strong>vivere</strong></span> <span class='ocrx_word' id='word_1_100' title='bbox 1497 1104 1762 1159; x_wconf 83' lang='lat' dir='ltr'><strong>tenentur.</strong></span> <span class='ocrx_word' id='word_1_101' title='bbox 1821 1114 1976 1165; x_wconf 87' lang='lat' dir='ltr'><strong>quam</strong></span> <span class='ocrx_word' id='word_1_102' title='bbox 2012 1100 2128 1152; x_wconf 50' lang='lat' dir='ltr'><strong>&gt;reiis</strong></span> <span class='ocrx_word' id='word_1_103' title='bbox 2167 1116 2226 1151; x_wconf 83' lang='lat' dir='ltr'><strong>ex</strong></span> 
     </span>
     <span class='ocr_line' id='line_1_13' title="bbox 290 1174 2224 1244; baseline 0 -17"><span class='ocrx_word' id='word_1_104' title='bbox 290 1182 295 1187; x_wconf 82' lang='grc'><strong>’</strong></span> <span class='ocrx_word' id='word_1_105' title='bbox 342 1174 547 1241; x_wconf 75' lang='lat' dir='ltr'><strong>iegibus</strong></span> <span class='ocrx_word' id='word_1_106' title='bbox 568 1184 779 1227; x_wconf 80' lang='lat' dir='ltr'><strong>naturae</strong></span> <span class='ocrx_word' id='word_1_107' title='bbox 798 1176 1051 1228; x_wconf 83' lang='lat' dir='ltr'><strong>leoninae.</strong></span> <span class='ocrx_word' id='word_1_108' title='bbox 1124 1176 1176 1227; x_wconf 87' lang='grc'><strong>8.</strong></span> <span class='ocrx_word' id='word_1_109' title='bbox 1216 1176 1480 1241; x_wconf 77' lang='lat' dir='ltr'><strong>Quicquid</strong></span> <span class='ocrx_word' id='word_1_110' title='bbox 1503 1176 1678 1241; x_wconf 84' lang='lat' dir='ltr'><strong>itaque</strong></span> <span class='ocrx_word' id='word_1_111' title='bbox 1703 1178 2093 1243; x_wconf 84' lang='lat' dir='ltr'><strong>unusquisque,</strong></span> <span class='ocrx_word' id='word_1_112' title='bbox 2135 1178 2224 1244; x_wconf 89' lang='lat' dir='ltr'><strong>qui</strong></span> 
     </span>
     <span class='ocr_line' id='line_1_14' title="bbox 341 1251 2227 1321; baseline 0.001 -18"><span class='ocrx_word' id='word_1_113' title='bbox 341 1251 443 1303; x_wconf 81' lang='lat' dir='ltr'><strong>sub</strong></span> <span class='ocrx_word' id='word_1_114' title='bbox 472 1254 585 1305; x_wconf 84' lang='lat' dir='ltr'><strong>soio</strong></span> <span class='ocrx_word' id='word_1_115' title='bbox 616 1260 825 1305; x_wconf 83' lang='lat' dir='ltr'><strong>naturae</strong></span> <span class='ocrx_word' id='word_1_116' title='bbox 854 1254 1069 1321; x_wconf 83' lang='lat' dir='ltr'><strong>imperio</strong></span> <span class='ocrx_word' id='word_1_117' title='bbox 1100 1253 1484 1312; x_wconf 82' lang='lat' dir='ltr'><strong>consideratur.</strong></span> <span class='ocrx_word' id='word_1_118' title='bbox 1529 1252 1628 1304; x_wconf 86' lang='lat' dir='ltr'><strong>sibi</strong></span> <span class='ocrx_word' id='word_1_119' title='bbox 1649 1253 1775 1305; x_wconf 81' lang='lat' dir='ltr'><strong>utile</strong></span> <span class='ocrx_word' id='word_1_120' title='bbox 1793 1253 1870 1305; x_wconf 80' lang='lat' dir='ltr'><strong>vei</strong></span> <span class='ocrx_word' id='word_1_121' title='bbox 1890 1253 2048 1306; x_wconf 81' lang='lat' dir='ltr'><strong>ductu</strong></span> <span class='ocrx_word' id='word_1_122' title='bbox 2069 1256 2227 1306; x_wconf 76' lang='lat' dir='ltr'><strong>sanae</strong></span> 
     </span>
     <span class='ocr_line' id='line_1_15' title="bbox 342 1329 2227 1403; baseline 0.001 -22"><span class='ocrx_word' id='word_1_123' title='bbox 342 1330 580 1397; x_wconf 85' lang='lat' dir='ltr'><strong>rationis,</strong></span> <span class='ocrx_word' id='word_1_124' title='bbox 616 1330 774 1383; x_wconf 81' lang='lat' dir='ltr'><strong>velex</strong></span> <span class='ocrx_word' id='word_1_125' title='bbox 792 1330 1073 1383; x_wconf 77' lang='lat' dir='ltr'><strong>affectuum</strong></span> <span class='ocrx_word' id='word_1_126' title='bbox 1093 1332 1290 1396; x_wconf 81' lang='lat' dir='ltr'><strong>impetu</strong></span> <span class='ocrx_word' id='word_1_127' title='bbox 1311 1330 1528 1389; x_wconf 84' lang='lat' dir='ltr'><strong>iudicat,</strong></span> <span class='ocrx_word' id='word_1_128' title='bbox 1565 1329 1618 1381; x_wconf 90' lang='lat' dir='ltr'><strong>id</strong></span> <span class='ocrx_word' id='word_1_129' title='bbox 1639 1337 2086 1403; x_wconf 78' lang='lat' dir='ltr'><strong>summonaturaa</strong></span> <span class='ocrx_word' id='word_1_130' title='bbox 2111 1330 2227 1397; x_wconf 84' lang='lat' dir='ltr'><strong>jure</strong></span> 
     </span>
    </p>
   </div>
   <div class='ocr_carea' id='block_1_3' title="bbox 340 1406 2324 1476">
    <p class='ocr_par' dir='ltr' id='par_1_3' title="bbox 340 1406 2324 1476">
     <span class='ocr_line' id='line_1_16' title="bbox 340 1406 2324 1476; baseline 0.001 -19"><span class='ocrx_word' id='word_1_131' title='bbox 340 1416 609 1473; x_wconf 84' lang='lat' dir='ltr'><strong>appetere,</strong></span> <span class='ocrx_word' id='word_1_132' title='bbox 648 1412 699 1458; x_wconf 89' lang='lat' dir='ltr'><strong>et</strong></span> <span class='ocrx_word' id='word_1_133' title='bbox 726 1421 1058 1474; x_wconf 84' lang='lat' dir='ltr'><strong>quacumque</strong></span> <span class='ocrx_word' id='word_1_134' title='bbox 1086 1410 1306 1468; x_wconf 83' lang='lat' dir='ltr'><strong>ratione,</strong></span> <span class='ocrx_word' id='word_1_135' title='bbox 1347 1408 1454 1458; x_wconf 85' lang='lat' dir='ltr'><strong>sive</strong></span> <span class='ocrx_word' id='word_1_136' title='bbox 1479 1406 1554 1468; x_wconf 82' lang='lat' dir='ltr'><strong>vi,</strong></span> <span class='ocrx_word' id='word_1_137' title='bbox 1593 1406 1704 1459; x_wconf 82' lang='lat' dir='ltr'><strong>sive</strong></span> <span class='ocrx_word' id='word_1_138' title='bbox 1739 1407 1886 1469; x_wconf 85' lang='lat' dir='ltr'><strong>doio,</strong></span> <span class='ocrx_word' id='word_1_139' title='bbox 1927 1407 2032 1459; x_wconf 79' lang='lat' dir='ltr'><strong>sive</strong></span> <span class='ocrx_word' id='word_1_140' title='bbox 2061 1408 2229 1476; x_wconf 79' lang='lat' dir='ltr'><strong>preci-</strong></span> <span class='ocrx_word' id='word_1_141' title='bbox 2317 1406 2324 1413; x_wconf 84' lang='lat'>&#39;</span> 
     </span>
    </p>
   </div>
   <div class='ocr_carea' id='block_1_4' title="bbox 342 1479 2229 1703">
    <p class='ocr_par' dir='ltr' id='par_1_4' title="bbox 342 1479 2229 1703">
     <span class='ocr_line' id='line_1_17' title="bbox 343 1479 2229 1553; baseline 0.001 -18"><span class='ocrx_word' id='word_1_142' title='bbox 343 1482 471 1545; x_wconf 83' lang='lat' dir='ltr'><strong>bus,</strong></span> <span class='ocrx_word' id='word_1_143' title='bbox 513 1484 621 1537; x_wconf 84' lang='lat' dir='ltr'><strong>sive</strong></span> <span class='ocrx_word' id='word_1_144' title='bbox 646 1479 976 1550; x_wconf 78' lang='lat' dir='ltr'><strong>quoeumque</strong></span> <span class='ocrx_word' id='word_1_145' title='bbox 1008 1484 1217 1535; x_wconf 89' lang='lat' dir='ltr'><strong>demum</strong></span> <span class='ocrx_word' id='word_1_146' title='bbox 1248 1484 1403 1535; x_wconf 88' lang='lat' dir='ltr'><strong>modo</strong></span> <span class='ocrx_word' id='word_1_147' title='bbox 1418 1483 1636 1552; x_wconf 49' lang='lat' dir='ltr'><strong>,faciiius</strong></span> <span class='ocrx_word' id='word_1_148' title='bbox 1662 1486 1878 1551; x_wconf 82' lang='lat' dir='ltr'><strong>poterit,</strong></span> <span class='ocrx_word' id='word_1_149' title='bbox 1917 1486 2026 1551; x_wconf 80' lang='lat' dir='ltr'><strong>ipsi.</strong></span> <span class='ocrx_word' id='word_1_150' title='bbox 2043 1499 2229 1553; x_wconf 82' lang='lat' dir='ltr'><strong>capere</strong></span> 
     </span>
     <span class='ocr_line' id='line_1_18' title="bbox 342 1559 2224 1629; baseline 0.002 -17"><span class='ocrx_word' id='word_1_151' title='bbox 342 1559 483 1625; x_wconf 85' lang='lat' dir='ltr'><strong>licet,</strong></span> <span class='ocrx_word' id='word_1_152' title='bbox 525 1568 577 1613; x_wconf 89' lang='lat' dir='ltr'><strong>et</strong></span> <span class='ocrx_word' id='word_1_153' title='bbox 606 1569 983 1626; x_wconf 81' lang='lat' dir='ltr'><strong>consequenter</strong></span> <span class='ocrx_word' id='word_1_154' title='bbox 1011 1575 1105 1627; x_wconf 83' lang='lat' dir='ltr'><strong>pro</strong></span> <span class='ocrx_word' id='word_1_155' title='bbox 1132 1560 1280 1612; x_wconf 82' lang='lat' dir='ltr'><strong>hoste</strong></span> <span class='ocrx_word' id='word_1_156' title='bbox 1307 1560 1496 1612; x_wconf 80' lang='lat' dir='ltr'><strong>habere</strong></span> <span class='ocrx_word' id='word_1_157' title='bbox 1523 1574 1668 1623; x_wconf 88' lang='lat' dir='ltr'><strong>enm,</strong></span> <span class='ocrx_word' id='word_1_158' title='bbox 1711 1561 1801 1627; x_wconf 85' lang='lat' dir='ltr'><strong>qui</strong></span> <span class='ocrx_word' id='word_1_159' title='bbox 1831 1562 2080 1628; x_wconf 86' lang='lat' dir='ltr'><strong>impedire</strong></span> <span class='ocrx_word' id='word_1_160' title='bbox 2099 1564 2224 1629; x_wconf 86' lang='lat' dir='ltr'><strong>vuit,</strong></span> 
     </span>
     <span class='ocr_line' id='line_1_19' title="bbox 344 1638 1428 1703; baseline -0.001 -16"><span class='ocrx_word' id='word_1_161' title='bbox 344 1638 624 1703; x_wconf 81' lang='lat' dir='ltr'><strong>quominus</strong></span> <span class='ocrx_word' id='word_1_162' title='bbox 645 1639 879 1689; x_wconf 89' lang='lat' dir='ltr'><strong>animum</strong></span> <span class='ocrx_word' id='word_1_163' title='bbox 900 1638 1097 1703; x_wconf 72' lang='lat' dir='ltr'><strong>expient</strong></span> <span class='ocrx_word' id='word_1_164' title='bbox 1114 1652 1269 1689; x_wconf 88' lang='lat' dir='ltr'><strong>suum</strong></span> <span class='ocrx_word' id='word_1_165' title='bbox 1285 1638 1356 1701; x_wconf 70' lang='lat'><strong>²¹²).</strong></span> <span class='ocrx_word' id='word_1_166' title='bbox 1417 1675 1428 1686; x_wconf 93' lang='lat'><em>.</em></span> 
     </span>
    </p>
   </div>
   <div class='ocr_carea' id='block_1_5' title="bbox 346 1714 2232 2174">
    <p class='ocr_par' dir='ltr' id='par_1_5' title="bbox 346 1714 2232 2174">
     <span class='ocr_line' id='line_1_20' title="bbox 445 1714 2230 1794; baseline 0.002 -20"><span class='ocrx_word' id='word_1_167' title='bbox 445 1722 497 1775; x_wconf 78' lang='lat'><strong>9.</strong></span> <span class='ocrx_word' id='word_1_168' title='bbox 537 1723 611 1775; x_wconf 82' lang='lat' dir='ltr'><strong>Ex</strong></span> <span class='ocrx_word' id='word_1_169' title='bbox 640 1714 832 1788; x_wconf 83' lang='lat' dir='ltr'><strong>quibus</strong></span> <span class='ocrx_word' id='word_1_170' title='bbox 864 1724 1121 1790; x_wconf 83' lang='lat' dir='ltr'><strong>sequitur,</strong></span> <span class='ocrx_word' id='word_1_171' title='bbox 1161 1725 1247 1774; x_wconf 78' lang='lat' dir='ltr'><strong>im</strong></span> <span class='ocrx_word' id='word_1_172' title='bbox 1282 1728 1334 1774; x_wconf 83' lang='lat' dir='ltr'><strong>et</strong></span> <span class='ocrx_word' id='word_1_173' title='bbox 1367 1725 1668 1774; x_wconf 73' lang='lat' dir='ltr'><strong>institutum</strong></span> <span class='ocrx_word' id='word_1_174' title='bbox 1701 1726 1952 1790; x_wconf 65' lang='lat' dir='ltr'><strong>naun-ae,</strong></span> <span class='ocrx_word' id='word_1_175' title='bbox 1995 1723 2094 1778; x_wconf 83' lang='lat' dir='ltr'><strong>sub</strong></span> <span class='ocrx_word' id='word_1_176' title='bbox 2125 1740 2230 1794; x_wconf 80' lang='lat' dir='ltr'><strong>quo</strong></span> 
     </span>
     <span class='ocr_line' id='line_1_21' title="bbox 346 1801 2228 1870; baseline 0.002 -19"><span class='ocrx_word' id='word_1_177' title='bbox 346 1813 529 1851; x_wconf 87' lang='lat' dir='ltr'><strong>omnes</strong></span> <span class='ocrx_word' id='word_1_178' title='bbox 552 1809 837 1856; x_wconf 85' lang='lat' dir='ltr'><strong>nascuntur</strong></span> <span class='ocrx_word' id='word_1_179' title='bbox 855 1809 906 1852; x_wconf 85' lang='lat' dir='ltr'><strong>et</strong></span> <span class='ocrx_word' id='word_1_180' title='bbox 924 1802 1141 1852; x_wconf 81' lang='lat' dir='ltr'><strong>maxima</strong></span> <span class='ocrx_word' id='word_1_181' title='bbox 1164 1815 1222 1852; x_wconf 81' lang='lat' dir='ltr'><strong>ex</strong></span> <span class='ocrx_word' id='word_1_182' title='bbox 1239 1810 1384 1867; x_wconf 80' lang='lat' dir='ltr'><strong>parte</strong></span> <span class='ocrx_word' id='word_1_183' title='bbox 1404 1801 1604 1862; x_wconf 84' lang='lat' dir='ltr'><strong>vivunt,</strong></span> <span class='ocrx_word' id='word_1_184' title='bbox 1645 1801 1770 1852; x_wconf 84' lang='lat' dir='ltr'><strong>nihii</strong></span> <span class='ocrx_word' id='word_1_185' title='bbox 1793 1803 1892 1854; x_wconf 77' lang='lat' dir='ltr'><strong>nisi</strong></span> <span class='ocrx_word' id='word_1_186' title='bbox 1911 1802 2050 1870; x_wconf 87' lang='lat' dir='ltr'><strong>quod</strong></span> <span class='ocrx_word' id='word_1_187' title='bbox 2077 1818 2228 1854; x_wconf 87' lang='lat' dir='ltr'><strong>nemo</strong></span> 
     </span>
     <span class='ocr_line' id='line_1_22' title="bbox 346 1877 2224 1947; baseline 0.002 -19"><span class='ocrx_word' id='word_1_188' title='bbox 346 1879 489 1942; x_wconf 84' lang='lat' dir='ltr'><strong>eupit</strong></span> <span class='ocrx_word' id='word_1_189' title='bbox 507 1883 557 1928; x_wconf 89' lang='lat' dir='ltr'><strong>et</strong></span> <span class='ocrx_word' id='word_1_190' title='bbox 578 1877 716 1947; x_wconf 87' lang='lat' dir='ltr'><strong>quod</strong></span> <span class='ocrx_word' id='word_1_191' title='bbox 740 1892 892 1930; x_wconf 87' lang='lat' dir='ltr'><strong>nemo</strong></span> <span class='ocrx_word' id='word_1_192' title='bbox 911 1877 1412 1945; x_wconf 51' lang='lat' dir='ltr'><strong>potestffprohiberm</strong></span> <span class='ocrx_word' id='word_1_193' title='bbox 1447 1892 1547 1929; x_wconf 87' lang='lat' dir='ltr'><strong>non</strong></span> <span class='ocrx_word' id='word_1_194' title='bbox 1569 1879 1941 1944; x_wconf 84' lang='lat' dir='ltr'><strong>contentiones,</strong></span> <span class='ocrx_word' id='word_1_195' title='bbox 1965 1895 2065 1931; x_wconf 91' lang='lat' dir='ltr'><strong>non</strong></span> <span class='ocrx_word' id='word_1_196' title='bbox 2087 1881 2224 1944; x_wconf 87' lang='lat' dir='ltr'><strong>odia,</strong></span> 
     </span>
     <span class='ocr_line' id='line_1_23' title="bbox 348 1951 2232 2022; baseline 0.002 -17"><span class='ocrx_word' id='word_1_197' title='bbox 348 1967 452 2005; x_wconf 89' lang='lat' dir='ltr'><strong>non</strong></span> <span class='ocrx_word' id='word_1_198' title='bbox 472 1955 599 2004; x_wconf 83' lang='lat' dir='ltr'><strong>iram</strong></span> <span class='ocrx_word' id='word_1_199' title='bbox 614 1992 627 2015; x_wconf 91' lang='lat'>‚</span> <span class='ocrx_word' id='word_1_200' title='bbox 670 1969 772 2008; x_wconf 90' lang='lat' dir='ltr'><strong>non</strong></span> <span class='ocrx_word' id='word_1_201' title='bbox 790 1951 967 2017; x_wconf 76' lang='lat' dir='ltr'><strong>&#39;doioS‚</strong></span> <span class='ocrx_word' id='word_1_202' title='bbox 1012 1969 1105 2007; x_wconf 87' lang='lat' dir='ltr'><strong>nee</strong></span> <span class='ocrx_word' id='word_1_203' title='bbox 1125 1954 1365 2006; x_wconf 88' lang='lat' dir='ltr'><strong>absoiute</strong></span> <span class='ocrx_word' id='word_1_204' title='bbox 1385 1954 1578 2020; x_wconf 86' lang='lat' dir='ltr'><strong>aliquid</strong></span> <span class='ocrx_word' id='word_1_205' title='bbox 1599 1954 1740 2020; x_wconf 87' lang='lat' dir='ltr'><strong>quod</strong></span> <span class='ocrx_word' id='word_1_206' title='bbox 1763 1956 2019 2022; x_wconf 83' lang='lat' dir='ltr'><strong>appetitus</strong></span> <span class='ocrx_word' id='word_1_207' title='bbox 2049 1957 2232 2009; x_wconf 81' lang='lat' dir='ltr'><strong>suadet</strong></span> 
     </span>
     <span class='ocr_line' id='line_1_24' title="bbox 346 2031 2230 2102; baseline 0.002 -20"><span class='ocrx_word' id='word_1_208' title='bbox 346 2031 589 2096; x_wconf 48' lang='lat' dir='ltr'><strong>aversari..</strong></span> <span class='ocrx_word' id='word_1_209' title='bbox 666 2033 746 2084; x_wconf 81' lang='lat'><strong>10.</strong></span> <span class='ocrx_word' id='word_1_210' title='bbox 800 2033 903 2083; x_wconf 81' lang='lat' dir='ltr'><strong>Nec</strong></span> <span class='ocrx_word' id='word_1_211' title='bbox 943 2033 1160 2094; x_wconf 85' lang='lat' dir='ltr'><strong>mirum;</strong></span> <span class='ocrx_word' id='word_1_212' title='bbox 1188 2093 1196 2102; x_wconf 92' lang='lat'><em>.</em></span> <span class='ocrx_word' id='word_1_213' title='bbox 1222 2046 1339 2083; x_wconf 83' lang='lat' dir='ltr'><strong>nam</strong></span> <span class='ocrx_word' id='word_1_214' title='bbox 1379 2040 1557 2082; x_wconf 84' lang='lat' dir='ltr'><strong>natura</strong></span> <span class='ocrx_word' id='word_1_215' title='bbox 1599 2047 1703 2082; x_wconf 87' lang='lat' dir='ltr'><strong>non</strong></span> <span class='ocrx_word' id='word_1_216' title='bbox 1741 2032 1942 2098; x_wconf 74' lang='lat' dir='ltr'><strong>iegibus</strong></span> <span class='ocrx_word' id='word_1_217' title='bbox 1979 2033 2230 2086; x_wconf 76' lang='lat' dir='ltr'><strong>hnmanae</strong></span> 
     </span>
     <span class='ocr_line' id='line_1_25' title="bbox 348 2109 2228 2174; baseline 0.002 -16"><span class='ocrx_word' id='word_1_218' title='bbox 348 2109 583 2171; x_wconf 72' lang='lat' dir='ltr'><strong>rationiS,</strong></span> <span class='ocrx_word' id='word_1_219' title='bbox 625 2122 757 2174; x_wconf 85' lang='lat' dir='ltr'><strong>quae</strong></span> <span class='ocrx_word' id='word_1_220' title='bbox 786 2124 887 2159; x_wconf 91' lang='lat' dir='ltr'><strong>non</strong></span> <span class='ocrx_word' id='word_1_221' title='bbox 917 2110 1019 2168; x_wconf 82' lang='lat' dir='ltr'><strong>nisi</strong></span> <span class='ocrx_word' id='word_1_222' title='bbox 1052 2109 1317 2160; x_wconf 80' lang='lat' dir='ltr'><strong>hominum</strong></span> <span class='ocrx_word' id='word_1_223' title='bbox 1349 2123 1526 2160; x_wconf 84' lang='lat' dir='ltr'><strong>verum</strong></span> <span class='ocrx_word' id='word_1_224' title='bbox 1555 2109 1680 2160; x_wconf 85' lang='lat' dir='ltr'><strong>utiio</strong></span> <span class='ocrx_word' id='word_1_225' title='bbox 1706 2117 1756 2172; x_wconf 78' lang='lat' dir='ltr'><strong>et</strong></span> <span class='ocrx_word' id='word_1_226' title='bbox 1791 2112 2228 2163; x_wconf 83' lang='lat' dir='ltr'><strong>conservationem</strong></span> 
     </span>
    </p>
   </div>
   <div class='ocr_carea' id='block_1_6' title="bbox 235 2181 2229 2252">
    <p class='ocr_par' dir='ltr' id='par_1_6' title="bbox 235 2181 2229 2252">
     <span class='ocr_line' id='line_1_26' title="bbox 235 2181 2229 2252; baseline 0.002 -16"><span class='ocrx_word' id='word_1_227' title='bbox 235 2187 243 2194; x_wconf 85' lang='lat'>&#39;</span> <span class='ocrx_word' id='word_1_228' title='bbox 344 2185 650 2248; x_wconf 87' lang='lat' dir='ltr'><strong>intendunt,</strong></span> <span class='ocrx_word' id='word_1_229' title='bbox 688 2181 1074 2247; x_wconf 69' lang='lat' dir='ltr'><strong>intereluditur,</strong></span> <span class='ocrx_word' id='word_1_230' title='bbox 1113 2187 1205 2237; x_wconf 88' lang='lat' dir='ltr'><strong>sed</strong></span> <span class='ocrx_word' id='word_1_231' title='bbox 1234 2185 1452 2236; x_wconf 84' lang='lat' dir='ltr'><strong>infinitis</strong></span> <span class='ocrx_word' id='word_1_232' title='bbox 1481 2187 1626 2248; x_wconf 79' lang='lat' dir='ltr'><strong>aiiis,</strong></span> <span class='ocrx_word' id='word_1_233' title='bbox 1659 2199 1800 2252; x_wconf 81' lang='lat' dir='ltr'><strong>quae</strong></span> <span class='ocrx_word' id='word_1_234' title='bbox 1823 2189 1978 2238; x_wconf 88' lang='lat' dir='ltr'><strong>totius</strong></span> <span class='ocrx_word' id='word_1_235' title='bbox 1997 2197 2229 2252; x_wconf 84' lang='lat' dir='ltr'><strong>naturae,</strong></span> 
     </span>
    </p>
   </div>
   <div class='ocr_carea' id='block_1_7' title="bbox 348 2261 2233 2948">
    <p class='ocr_par' dir='ltr' id='par_1_7' title="bbox 348 2261 2233 2948">
     <span class='ocr_line' id='line_1_27' title="bbox 348 2261 2232 2336; baseline 0.003 -24"><span class='ocrx_word' id='word_1_236' title='bbox 348 2263 496 2313; x_wconf 84' lang='lat' dir='ltr'><strong>euius</strong></span> <span class='ocrx_word' id='word_1_237' title='bbox 519 2261 672 2314; x_wconf 86' lang='lat' dir='ltr'><strong>homo</strong></span> <span class='ocrx_word' id='word_1_238' title='bbox 696 2263 943 2328; x_wconf 81' lang='lat' dir='ltr'><strong>particuia</strong></span> <span class='ocrx_word' id='word_1_239' title='bbox 964 2271 1058 2324; x_wconf 88' lang='lat' dir='ltr'><strong>est,</strong></span> <span class='ocrx_word' id='word_1_240' title='bbox 1096 2271 1362 2314; x_wconf 88' lang='lat' dir='ltr'><strong>aeternum</strong></span> <span class='ocrx_word' id='word_1_241' title='bbox 1383 2261 1616 2315; x_wconf 82' lang='lat' dir='ltr'><strong>ordinem</strong></span> <span class='ocrx_word' id='word_1_242' title='bbox 1636 2264 1940 2331; x_wconf 79' lang='lat' dir='ltr'><strong>respiciunt.</strong></span> <span class='ocrx_word' id='word_1_243' title='bbox 1987 2266 2061 2336; x_wconf 69' lang='lat'><strong>1331</strong></span> <span class='ocrx_word' id='word_1_244' title='bbox 2080 2267 2232 2318; x_wconf 81' lang='lat' dir='ltr'><strong>cuius</strong></span> 
     </span>
     <span class='ocr_line' id='line_1_28' title="bbox 348 2338 2231 2394; baseline 0.002 -4"><span class='ocrx_word' id='word_1_245' title='bbox 348 2338 457 2390; x_wconf 85' lang='lat' dir='ltr'><strong>soia</strong></span> <span class='ocrx_word' id='word_1_246' title='bbox 494 2340 797 2390; x_wconf 83' lang='lat' dir='ltr'><strong>necessitate</strong></span> <span class='ocrx_word' id='word_1_247' title='bbox 831 2341 1001 2390; x_wconf 86' lang='lat' dir='ltr'><strong>omnia</strong></span> <span class='ocrx_word' id='word_1_248' title='bbox 1041 2339 1306 2392; x_wconf 85' lang='lat' dir='ltr'><strong>individua</strong></span> <span class='ocrx_word' id='word_1_249' title='bbox 1345 2349 1482 2391; x_wconf 83' lang='lat' dir='ltr'><strong>certo</strong></span> <span class='ocrx_word' id='word_1_250' title='bbox 1519 2341 1672 2392; x_wconf 89' lang='lat' dir='ltr'><strong>modo</strong></span> <span class='ocrx_word' id='word_1_251' title='bbox 1717 2339 2124 2393; x_wconf 83' lang='lat' dir='ltr'><strong>determinantur</strong></span> <span class='ocrx_word' id='word_1_252' title='bbox 2167 2343 2231 2394; x_wconf 86' lang='lat' dir='ltr'><strong>ad</strong></span> 
     </span>
     <span class='ocr_line' id='line_1_29' title="bbox 348 2415 2232 2483; baseline 0.003 -17"><span class='ocrx_word' id='word_1_253' title='bbox 348 2415 669 2467; x_wconf 87' lang='lat' dir='ltr'><strong>existendum</strong></span> <span class='ocrx_word' id='word_1_254' title='bbox 698 2424 747 2468; x_wconf 84' lang='lat' dir='ltr'><strong>et</strong></span> <span class='ocrx_word' id='word_1_255' title='bbox 778 2417 1116 2482; x_wconf 83' lang='lat' dir='ltr'><strong>operandum.</strong></span> <span class='ocrx_word' id='word_1_256' title='bbox 1194 2417 1273 2468; x_wconf 87' lang='lat'><strong>11.</strong></span> <span class='ocrx_word' id='word_1_257' title='bbox 1317 2416 1579 2483; x_wconf 78' lang='lat' dir='ltr'><strong>Quicquid</strong></span> <span class='ocrx_word' id='word_1_258' title='bbox 1617 2431 1736 2482; x_wconf 77' lang='lat' dir='ltr'><strong>ergo</strong></span> <span class='ocrx_word' id='word_1_259' title='bbox 1773 2416 1922 2469; x_wconf 84' lang='lat' dir='ltr'><strong>nobis</strong></span> <span class='ocrx_word' id='word_1_260' title='bbox 1959 2418 2010 2469; x_wconf 91' lang='lat' dir='ltr'><strong>in</strong></span> <span class='ocrx_word' id='word_1_261' title='bbox 2050 2428 2232 2471; x_wconf 85' lang='lat' dir='ltr'><strong>natura</strong></span> 
     </span>
     <span class='ocr_line' id='line_1_30' title="bbox 348 2492 2231 2561; baseline 0.001 -17"><span class='ocrx_word' id='word_1_262' title='bbox 348 2492 626 2545; x_wconf 83' lang='lat' dir='ltr'><strong>ridiculum</strong></span> <span class='ocrx_word' id='word_1_263' title='bbox 644 2531 657 2555; x_wconf 90' lang='lat'>,</span> <span class='ocrx_word' id='word_1_264' title='bbox 697 2492 983 2546; x_wconf 85' lang='lat' dir='ltr'><strong>absurdum</strong></span> <span class='ocrx_word' id='word_1_265' title='bbox 1022 2501 1112 2545; x_wconf 90' lang='lat' dir='ltr'><strong>aut</strong></span> <span class='ocrx_word' id='word_1_266' title='bbox 1148 2495 1343 2545; x_wconf 82' lang='lat' dir='ltr'><strong>maium</strong></span> <span class='ocrx_word' id='word_1_267' title='bbox 1381 2493 1606 2556; x_wconf 87' lang='lat' dir='ltr'><strong>videtur,</strong></span> <span class='ocrx_word' id='word_1_268' title='bbox 1645 2495 1696 2545; x_wconf 89' lang='lat' dir='ltr'><strong>id</strong></span> <span class='ocrx_word' id='word_1_269' title='bbox 1737 2493 1857 2545; x_wconf 85' lang='lat' dir='ltr'><strong>inde</strong></span> <span class='ocrx_word' id='word_1_270' title='bbox 1887 2495 2051 2558; x_wconf 79' lang='lat' dir='ltr'><strong>venit,</strong></span> <span class='ocrx_word' id='word_1_271' title='bbox 2092 2495 2231 2561; x_wconf 87' lang='lat' dir='ltr'><strong>quod</strong></span> 
     </span>
     <span class='ocr_line' id='line_1_31' title="bbox 348 2571 2233 2638; baseline 0.001 -17"><span class='ocrx_word' id='word_1_272' title='bbox 348 2585 432 2622; x_wconf 86' lang='lat' dir='ltr'><strong>res</strong></span> <span class='ocrx_word' id='word_1_273' title='bbox 453 2576 649 2622; x_wconf 88' lang='lat' dir='ltr'><strong>tantum</strong></span> <span class='ocrx_word' id='word_1_274' title='bbox 672 2585 729 2621; x_wconf 81' lang='lat' dir='ltr'><strong>ex</strong></span> <span class='ocrx_word' id='word_1_275' title='bbox 750 2579 889 2638; x_wconf 87' lang='lat' dir='ltr'><strong>parte</strong></span> <span class='ocrx_word' id='word_1_276' title='bbox 912 2573 1175 2636; x_wconf 84' lang='lat' dir='ltr'><strong>novimus,</strong></span> <span class='ocrx_word' id='word_1_277' title='bbox 1210 2572 1470 2637; x_wconf 87' lang='lat' dir='ltr'><strong>totiusque</strong></span> <span class='ocrx_word' id='word_1_278' title='bbox 1492 2578 1701 2622; x_wconf 85' lang='lat' dir='ltr'><strong>naturae</strong></span> <span class='ocrx_word' id='word_1_279' title='bbox 1721 2571 1952 2622; x_wconf 86' lang='lat' dir='ltr'><strong>ordinem</strong></span> <span class='ocrx_word' id='word_1_280' title='bbox 1974 2578 2026 2623; x_wconf 88' lang='lat' dir='ltr'><strong>et</strong></span> <span class='ocrx_word' id='word_1_281' title='bbox 2045 2572 2233 2624; x_wconf 82' lang='lat' dir='ltr'><strong>cohae-</strong></span> 
     </span>
     <span class='ocr_line' id='line_1_32' title="bbox 350 2647 2232 2714; baseline 0.001 -16"><span class='ocrx_word' id='word_1_282' title='bbox 350 2649 567 2700; x_wconf 85' lang='lat' dir='ltr'><strong>rentiam</strong></span> <span class='ocrx_word' id='word_1_283' title='bbox 590 2647 806 2699; x_wconf 74' lang='lat' dir='ltr'><strong>maxima</strong></span> <span class='ocrx_word' id='word_1_284' title='bbox 826 2663 886 2699; x_wconf 78' lang='lat' dir='ltr'><strong>ex</strong></span> <span class='ocrx_word' id='word_1_285' title='bbox 904 2656 1043 2714; x_wconf 81' lang='lat' dir='ltr'><strong>parte</strong></span> <span class='ocrx_word' id='word_1_286' title='bbox 1064 2649 1384 2714; x_wconf 79' lang='lat' dir='ltr'><strong>ignoramus,</strong></span> <span class='ocrx_word' id='word_1_287' title='bbox 1406 2655 1458 2700; x_wconf 85' lang='lat' dir='ltr'><strong>et</strong></span> <span class='ocrx_word' id='word_1_288' title='bbox 1473 2647 1608 2714; x_wconf 84' lang='lat' dir='ltr'><strong>quod</strong></span> <span class='ocrx_word' id='word_1_289' title='bbox 1631 2648 1804 2699; x_wconf 81' lang='lat' dir='ltr'><strong>omnia</strong></span> <span class='ocrx_word' id='word_1_290' title='bbox 1825 2661 1884 2699; x_wconf 80' lang='lat' dir='ltr'><strong>ex</strong></span> <span class='ocrx_word' id='word_1_291' title='bbox 1902 2663 2004 2700; x_wconf 88' lang='lat' dir='ltr'><strong>usu</strong></span> <span class='ocrx_word' id='word_1_292' title='bbox 2026 2658 2232 2700; x_wconf 84' lang='lat' dir='ltr'><strong>nostrae</strong></span> 
     </span>
     <span class='ocr_line' id='line_1_33' title="bbox 350 2724 2230 2790; baseline 0.001 -13"><span class='ocrx_word' id='word_1_293' title='bbox 350 2726 564 2777; x_wconf 84' lang='lat' dir='ltr'><strong>rationis</strong></span> <span class='ocrx_word' id='word_1_294' title='bbox 584 2725 733 2790; x_wconf 77' lang='lat' dir='ltr'><strong>dirigi</strong></span> <span class='ocrx_word' id='word_1_295' title='bbox 754 2725 1023 2787; x_wconf 84' lang='lat' dir='ltr'><strong>volumus,</strong></span> <span class='ocrx_word' id='word_1_296' title='bbox 1062 2739 1226 2790; x_wconf 89' lang='lat' dir='ltr'><strong>quum</strong></span> <span class='ocrx_word' id='word_1_297' title='bbox 1248 2733 1420 2778; x_wconf 82' lang='lat' dir='ltr'><strong>tamen</strong></span> <span class='ocrx_word' id='word_1_298' title='bbox 1439 2725 1521 2788; x_wconf 88' lang='lat' dir='ltr'><strong>id,</strong></span> <span class='ocrx_word' id='word_1_299' title='bbox 1560 2724 1698 2790; x_wconf 92' lang='lat' dir='ltr'><strong>quod</strong></span> <span class='ocrx_word' id='word_1_300' title='bbox 1729 2725 1856 2777; x_wconf 89' lang='lat' dir='ltr'><strong>ratio</strong></span> <span class='ocrx_word' id='word_1_301' title='bbox 1889 2725 2084 2778; x_wconf 86' lang='lat' dir='ltr'><strong>maium</strong></span> <span class='ocrx_word' id='word_1_302' title='bbox 2115 2740 2230 2778; x_wconf 84' lang='lat' dir='ltr'><strong>esse</strong></span> 
     </span>
     <span class='ocr_line' id='line_1_34' title="bbox 351 2801 2228 2868; baseline 0.002 -16"><span class='ocrx_word' id='word_1_303' title='bbox 351 2802 524 2864; x_wconf 83' lang='lat' dir='ltr'><strong>dietat,</strong></span> <span class='ocrx_word' id='word_1_304' title='bbox 550 2816 651 2854; x_wconf 88' lang='lat' dir='ltr'><strong>non</strong></span> <span class='ocrx_word' id='word_1_305' title='bbox 670 2801 863 2854; x_wconf 89' lang='lat' dir='ltr'><strong>malum</strong></span> <span class='ocrx_word' id='word_1_306' title='bbox 880 2803 949 2854; x_wconf 87' lang='lat' dir='ltr'><strong>sit</strong></span> <span class='ocrx_word' id='word_1_307' title='bbox 968 2809 1205 2868; x_wconf 85' lang='lat' dir='ltr'><strong>respectu</strong></span> <span class='ocrx_word' id='word_1_308' title='bbox 1226 2803 1426 2855; x_wconf 89' lang='lat' dir='ltr'><strong>ordinis</strong></span> <span class='ocrx_word' id='word_1_309' title='bbox 1447 2810 1497 2854; x_wconf 85' lang='lat' dir='ltr'><strong>et</strong></span> <span class='ocrx_word' id='word_1_310' title='bbox 1516 2802 1688 2868; x_wconf 72' lang='lat' dir='ltr'><strong>legum</strong></span> <span class='ocrx_word' id='word_1_311' title='bbox 1709 2804 1978 2856; x_wconf 86' lang='lat' dir='ltr'><strong>universae</strong></span> <span class='ocrx_word' id='word_1_312' title='bbox 1999 2810 2228 2866; x_wconf 86' lang='lat' dir='ltr'><strong>naturae,</strong></span> 
     </span>
     <span class='ocr_line' id='line_1_35' title="bbox 353 2877 1778 2948; baseline 0.001 -18"><span class='ocrx_word' id='word_1_313' title='bbox 353 2877 447 2931; x_wconf 81' lang='lat' dir='ltr'><strong>sed</strong></span> <span class='ocrx_word' id='word_1_314' title='bbox 464 2885 665 2932; x_wconf 87' lang='lat' dir='ltr'><strong>tantum</strong></span> <span class='ocrx_word' id='word_1_315' title='bbox 682 2881 849 2932; x_wconf 81' lang='lat' dir='ltr'><strong>soiius</strong></span> <span class='ocrx_word' id='word_1_316' title='bbox 870 2885 1074 2932; x_wconf 87' lang='lat' dir='ltr'><strong>nostrae</strong></span> <span class='ocrx_word' id='word_1_317' title='bbox 1096 2887 1310 2932; x_wconf 83' lang='lat' dir='ltr'><strong>naturae</strong></span> <span class='ocrx_word' id='word_1_318' title='bbox 1329 2880 1503 2946; x_wconf 78' lang='lat' dir='ltr'><strong>legum</strong></span> <span class='ocrx_word' id='word_1_319' title='bbox 1522 2881 1778 2948; x_wconf 73' lang='lat' dir='ltr'><strong>respectu.</strong></span> 
     </span>
    </p>
   </div>
   <div class='ocr_carea' id='block_1_8' title="bbox 356 3025 629 3036">
    <p class='ocr_par' dir='ltr' id='par_1_8' title="bbox 356 3025 629 3036">
     <span class='ocr_line' id='line_1_36' title="bbox 356 3025 629 3036; baseline 0 449"><span class='ocrx_word' id='word_1_320' title='bbox 356 3025 629 3036; x_wconf 95' lang='lat' dir='ltr'><strong> </strong></span> 
     </span>
    </p>
   </div>
   <div class='ocr_carea' id='block_1_9' title="bbox 459 3112 2183 3176">
    <p class='ocr_par' dir='ltr' id='par_1_9' title="bbox 459 3112 2183 3176">
     <span class='ocr_line' id='line_1_37' title="bbox 459 3112 2183 3176; baseline 0.002 -18"><span class='ocrx_word' id='word_1_321' title='bbox 459 3114 501 3166; x_wconf 72' lang='lat'><strong>⁶)</strong></span> <span class='ocrx_word' id='word_1_322' title='bbox 528 3112 659 3158; x_wconf 79' lang='lat' dir='ltr'><strong>Coni&#39;.</strong></span> <span class='ocrx_word' id='word_1_323' title='bbox 681 3125 801 3172; x_wconf 83' lang='lat' dir='ltr'><strong>quae</strong></span> <span class='ocrx_word' id='word_1_324' title='bbox 820 3115 879 3162; x_wconf 86' lang='lat' dir='ltr'><strong>de</strong></span> <span class='ocrx_word' id='word_1_325' title='bbox 898 3117 1062 3163; x_wconf 86' lang='lat' dir='ltr'><strong>eadem</strong></span> <span class='ocrx_word' id='word_1_326' title='bbox 1083 3129 1136 3164; x_wconf 84' lang='lat' dir='ltr'><strong>re</strong></span> <span class='ocrx_word' id='word_1_327' title='bbox 1156 3117 1409 3176; x_wconf 74' lang='lat' dir='ltr'><strong>disputavit</strong></span> <span class='ocrx_word' id='word_1_328' title='bbox 1423 3117 1625 3176; x_wconf 75' lang='lat' dir='ltr'><strong>Spinoza</strong></span> <span class='ocrx_word' id='word_1_329' title='bbox 1645 3120 1692 3166; x_wconf 82' lang='lat' dir='ltr'><strong>in</strong></span> <span class='ocrx_word' id='word_1_330' title='bbox 1713 3124 1847 3166; x_wconf 73' lang='lat' dir='ltr'><strong>tract.</strong></span> <span class='ocrx_word' id='word_1_331' title='bbox 1868 3117 1999 3176; x_wconf 77' lang='lat' dir='ltr'><strong>polit.</strong></span> <span class='ocrx_word' id='word_1_332' title='bbox 2020 3130 2124 3176; x_wconf 80' lang='lat' dir='ltr'><strong>eap.</strong></span> <span class='ocrx_word' id='word_1_333' title='bbox 2143 3121 2183 3162; x_wconf 77' lang='lat'><strong>2.</strong></span> 
     </span>
    </p>
   </div>
   <div class='ocr_carea' id='block_1_10' title="bbox 2535 2577 2543 3420">
    <p class='ocr_par' dir='ltr' id='par_1_10' title="bbox 2535 2577 2543 3420">
     <span class='ocr_line' id='line_1_38' title="bbox 2535 2577 2543 3420; baseline 0 0"><span class='ocrx_word' id='word_1_334' title='bbox 2535 2577 2543 3420; x_wconf 95' lang='lat' dir='ltr'><strong> </strong></span> 
     </span>
    </p>
   </div>
  </div>
 </body>
</html>
