2548 3485
399 101 518 160 320
762 107 1221 153 einamma-rmus
1259 107 1544 152 amenas
1581 107 1913 152 Hennaeae

496 286 582 340 21.
621 285 721 338 His
742 285 985 353 exemplis
1005 291 1171 352 potest
1191 286 1556 351 unusquisque
1577 283 1722 336 facile
1739 283 1930 338 videre.
1955 297 2055 349 qua
2080 283 2287 336 ratione

394 363 564 413 omnia
585 364 823 428 nomina,
854 365 1230 428 cuiuscumque
1248 363 1450 429 generis
1469 364 1603 423 sint,
1636 362 1973 414 declinantur.
2049 361 2152 413 Sed
2177 377 2288 412 no-

392 441 625 504 tandum,
656 455 872 493 casuum
895 441 1299 507 praepositiones
1323 438 1577 506 eleganter
1593 440 1777 500 omitti,
1800 438 2010 505 quando
2029 438 2094 489 de
2113 452 2284 490 sensu

352 569 356 574 ,
392 532 494 568 non
541 531 825 586 possumus
874 517 1157 584 ambigere,
1206 523 1264 568 ut
1298 514 1689 569 Proverbiorum
1735 529 1848 583 cap.
1887 517 1972 571 22.
2009 530 2142 568 vers.
2183 517 2279 570 21.

392 580 660 705 23³5]th
696 609 845 666 nn&
888 609 1106 697 ιε’-ἓως
1138 556 1380 693 {ww-3³>
1423 603 1496 654 ad
1517 601 1798 667 referenda
1824 603 1968 654 dicta
1993 604 2283 654 'cummi-

391 672 506 741 tate'
519 695 612 757 eis,
635 693 731 758 qui
747 672 800 742 εἷ
816 667 1106 742 miser-mit?
1160 691 1291 742 Nam
1293 662 1737 757 quandoquidem
1776 693 1997 764 mmm-t
2039 691 2092 741 ln
2135 695 2282 741 statu

391 776 628 828 absoluto
644 783 741 840 est,
775 790 876 827 non
897 783 1068 843 potest
1085 775 1341 841 genitivus
1379 779 1530 865 nnat
1561 775 1625 826 ab
1653 790 1712 827 eo
1743 775 1876 841 regi,
1883 756 2004 827 sed
2026 789 2282 828 necessa—

390 860 854 930 rioapraefigenda
874 863 1249 930 praepositione
1284 867 1356 954 3,
1395 842 1530 927 quae
1566 861 1650 913 hic
1689 861 1958 913 omittitur.
2047 862 2132 918 22.
2187 861 2295 913 Sic.

393 966 569 1031 meg.
600 979 717 1033 cap.
748 966 804 1021 2.
835 979 965 1017 vers.
987 965 1039 1018 7.
1076 961 1302 1056 Ἰἆῃῖῑϋ
1312 939 1607 1114 ’5381311
1596 968 1693 1028 ἹΤ
1685 972 1724 1055 n
1760 969 1814 1016 et
1839 967 1994 1016 erwtt
2023 979 2094 1015 σω
2120 978 2280 1016 com-

390 1052 663 1103 edentibus
704 1052 830 1118 (τοῢ
866 1051 967 1115 ad)
1014 1067 1243 1102 mensam
1282 1057 1375 1102 tua
1581 1067 1598 1101 ι
1628 1024 1780 1103 et⁷iam
1809 1050 2151 1119 praepositivo
2191 1045 2285 1112 ‘7ss

390 1136 467 1189 vel
506 1113 585 1218 ‘752
620 1138 675 1189 in
695 1137 933 1202 genitivo,
965 1145 1101 1188 recto
1131 1153 1157 1188 a
1181 1138 1428 1204 regimine
1447 1138 1722 1205 participii,
1754 1136 2183 1202 subintelligitur3
2223 1118 2296 1187 εἴ·

390 1223 455 1276 ad
474 1223 612 1276 hune
628 1223 842 1275 modum
864 1224 1029 1289 plura,
1052 1222 1115 1275 de
1135 1221 1361 1290 quibus
1346 1239 1399 1276 in
1420 1224 1612 1290 syntaxi
1633 1238 1691 1275 ex
1708 1222 1961 1291 professe.

622 1429 804 1493 CAP.
844 1429 920 1492 X.
1011 1431 1107 1491 De
1143 1431 1587 1512 praepositione
1624 1437 1684 1492 et
1718 1430 2043 1507 adverbiis·-

491 1586 725 1637 Diximus
763 1599 919 1652 supra
957 1584 1121 1651 capite
1150 1581 1201 1638 5.
1239 1585 1761 1652 praepositiones
1799 1597 1942 1636 esse
1978 1583 2271 1644 nomina,

391 1661 583 1728 quibus
613 1659 957 1727 significatur,
1001 1673 1156 1727 quam
1187 1660 1486 1712 relationem
1515 1676 1677 1714 unum
1699 1658 2022 1713 individuum
2042 1660 2106 1713 ad
2128 1659 2274 1711 aliud

324 1795 329 1801 ,
391 1740 591 1792 habeat.
662 1738 900 1790 Diximus
926 1737 1137 1801 deinde,
1180 1737 1318 1805 quod
1347 1755 1449 1794 una
1477 1739 1760 1807 eademque
1780 1738 1956 1792 relatio
1985 1748 2103 1791 tam
2131 1738 2276 1789 sin-

388 1817 619 1884 gulari,
671 1830 855 1881 quam
898 1816 1135 1882 plurali
1186 1831 1403 1869 numero
1447 1820 1775 1885 exprimatur.
1847 1818 2082 1870 Primum
2128 1814 2272 1881 quod

390 1897 592 1955 attinet,
635 1894 777 1959 quod
798 1893 993 1945 scilicet
1010 1896 1418 1961 praepositiones
1437 1896 1645 1947 nomina
1667 1896 1793 1957 sint,
1836 1895 1962 1947 satis
1982 1909 2042 1947 ex
2057 1908 2270 1961 praece-

390 1970 631 2023 dentibus
658 1968 866 2027 duobus
886 1986 1035 2038 capp.
1056 1979 1290 2041 constare
1311 1974 1414 2025 iam
1433 1972 1607 2025 credo.
1676 1974 1730 2025 2.
1767 1973 1837 2023 At
1857 1972 1994 2037 quod
2017 1970 2268 2039 pluralem

388 2050 539 2099 etiam
559 2046 785 2099 habeant
802 2062 1109 2111 numerum,¹
1119 2049 1296 2101 multis
1315 2048 1489 2102 forsan
1510 2048 1794 2100 absurdum
1814 2048 2089 2100 videbitur.
2165 2046 2284 2098 Sed·

389 2126 598 2191 quidni,
640 2139 805 2192 quum
837 2140 1006 2177 revera
1028 2126 1133 2177 sint
1152 2122 1401 2178 nomina?
1437 2126 1507 2177 At
1523 2126 1691 2189 dices,
1732 2126 2005 2178 relationes
2025 2140 2128 2176 non
2150 2138 2267 2176 esse

388 2203 615 2270 specim,
656 2216 788 2269 quae
812 2202 958 2269 plura
986 2202 1253 2255 individua
1283 2204 1384 2256 snb
1411 2218 1468 2255 se
1497 2199 1713 2265 habent,
1753 2203 1986 2269 adeoque
2014 2202 2111 2254 hoc
2148 2216 2266 2253 cum

386 2280 598 2333 nomine
643 2280 853 2347 proprio
890 2293 1165 2332 commuue
1202 2278 1420 2343 habere,
1470 2280 1611 2347 quod
1648 2288 1850 2349 careant
1887 2280 2090 2347 plurali.
2166 2278 2265 2329 Sed

386 2366 525 2409 estoe
565 2371 668 2408 non
698 2356 884 2408 dentur
916 2358 1073 2408 unius
1103 2358 1293 2425 speciei
1321 2358 1500 2424 plures
1519 2357 1821 2411 relationes:
1861 2357 2264 2424 praepositiones

386 2442 556 2486 tamen
586 2448 644 2485 ex
671 2434 919 2500 singulari
950 2436 1001 2484 in
1028 2433 1281 2500 pluralem
1309 2449 1583 2488 numerum
1621 2434 1917 2487 flectuntur.
1990 2432 2264 2499 Quomodo

386 2520 556 2564 autem
579 2511 632 2561 id
654 2509 761 2561 fieri
781 2510 971 2577 possit,
1006 2512 1183 2576 paucis
1202 2510 1284 2563 hic
1304 2512 1552 2579 explicare
1572 2510 1840 2565 constitui.

489 2591 537 2641 3.
580 2587 830 2651 Quamvis
865 2589 1273 2655 praepositiones
1313 2589 1488 2655 plures
1525 2590 1798 2643 relationes
1834 2586 1993 2641 simul
2038 2586 2264 2638 indicare

386 2683 485 2718 non
520 2668 754 2733 possint,
794 2665 1047 2730 quaedam
1076 2674 1244 2718 tamen
1272 2681 1332 2717 ex
1350 2668 1598 2735 singulari
1618 2668 1671 2718 in
1692 2668 1946 2735 pluralem
1967 2664 2258 2725 flectuntur,

383 2744 539 2809 idque
557 2751 661 2795 tam
682 2744 733 2793 ln
753 2749 892 2794 statu
912 2742 1166 2806 absoluto,
1192 2737 1352 2809 quam
1369 2745 1422 2797 in
1443 2752 1578 2797 statu
1600 2746 1885 2811 regiminis.
1956 2742 2025 2793 At
2045 2754 2262 2809 praepo-

385 2824 597 2873 sitiones
634 2820 686 2873 in
726 2827 862 2872 statu
889 2820 1126 2873 absoluto
1156 2821 1282 2873 nihil
1310 2828 1460 2884 sunt,
1501 2836 1654 2889 quam
1681 2822 1824 2889 ipsae
1863 2818 2130 2873 relationes
2169 2818 2262 2869 ab-

370 2906 567 2950 stracte
598 2890 871 2964 conceptae
899 2898 1003 2949 sive
1042 2913 1340 2965 expressae;
1380 2898 1472 2951 sed
1495 2906 1623 2951 tum
1660 2914 1762 2950 non
1801 2906 1903 2950 tam
1942 2897 2256 2957 relationem,

386 2989 543 3039 quam
564 2974 735 3025 locum
755 2973 833 3024 v‘el
852 2984 1058 3042 tempus
1077 2990 1195 3027 cum
1216 2975 1463 3029 relatione
1485 2976 1548 3029 ad
1571 2974 1796 3044 aliquam
1817 2992 1927 3027 rem
1948 2976 2256 3043 exprimunt.

325 3045 340 3135 ’ἡ
387 3060 437 3109 4.
476 3059 571 3111 Ex.
596 3074 675 3125 gr.
704 3075 761 3111 ex
799 3066 885 3149 ³73
924 3064 1065 3113 inter
1102 3061 1159 3114 fit
1180 3063 1244 3114 in
1274 3063 1461 3131 plurali
1499 3048 1670 3142 mhi-2·
1724 3062 1860 3131 qnod
1906 3060 2118 3128 quidem
2158 3072 2256 3109 non
