2548 3485
350 129 408 167 1v
1090 128 1471 173 PRAEFATIO.
1522 126 1524 129 ⁴

351 302 549 372 prodiit
565 318 773 371 quoque
795 304 994 373 duplici
1011 304 1111 355 hoc
1130 304 1282 357 titulo
1302 304 1469 356 falso:
1510 342 1550 369 ‚‚
1564 304 1841 356 Francz‘sei
1857 304 1920 355 de
1939 304 1993 355 la
2002 304 2110 355 Boe
2124 303 2235 355 Sil-

349 392 427 440 vii
450 390 614 441 totius
633 389 924 457 medicinae
952 390 1070 441 idea
1090 405 1239 442 nova.
1297 391 1439 441 Edit.
1460 393 1532 443 ΙΙ.
1554 390 1937 443 Amstelodami
1959 392 2157 443 1673.“
2177 392 2232 443 8.

353 482 428 528 et:
467 475 788 541 „Francis-ci
803 476 1098 543 Henn‘quez
1116 477 1179 527 clo
1199 474 1516 541 Villacorta,
1548 476 1777 530 doctoris
1796 476 2009 541 medici,
2029 492 2059 528 a
2079 476 2237 529 cubi-

352 560 469 613 culo
498 562 658 629 regali
684 560 920 631 Philippi
939 564 1032 615 IV.
1064 570 1115 615 et
1145 561 1319 614 Caroli
1338 565 1413 615 Π.
1443 562 1717 628 archiatri,
1757 578 1915 632 opera
1943 562 2236 631 chirurgica

349 647 555 711 omnia,
593 646 696 699 sub
725 647 982 716 auspiciis
1009 646 1368 716 potentissimi
1398 650 1777 717 Hispaniarum
1804 650 1944 716 regis
1966 648 2138 701 Caroli
2157 650 2231 700 ΙΙ.

347 731 732 786 Amstelodami
760 747 854 802 per
879 734 1132 787 Iacobum
1163 734 1315 787 Pauli
1345 734 1547 787 1673.“
1582 735 1633 787 8.
1652 736 1735 801 ⁸),
1774 735 1960 803 procul
1988 734 2151 787 dubio
2178 741 2238 785 ut

348 818 613 871 tractatui·
635 820 792 871 etiam
838 819 896 871 in
931 819 1244 888 Hispaniam
1284 827 1334 871 et
1366 822 1699 873 Lusitaniam
1734 821 1817 873 via
1853 820 2163 889 aperiretur.
2180 820 2234 883 4)

349 904 771 971 Suppresserunt
795 911 1097 969 tractatum,
1139 905 1283 971 quod
1309 906 1533 974 Spinoza
1561 904 1625 957 de
1652 904 1927 974 prophetia
1954 908 2017 959 V.
2038 908 2131 969 T„
2170 904 2235 957 de

349 988 656 1041 auctoribus
689 990 948 1042 librorum
975 1005 1274 1055 sacrorum,
1316 991 1381 1043 de
1410 991 1802 1045 hermeneutica
1822 993 1935 1043 Scr.
1959 992 2015 1043 S.
2037 990 2238 1043 libera-

347 1074 508 1129 liores
539 1081 590 1128 et
615 1076 866 1129 omnibus
894 1077 1004 1129 sere
1025 1076 1291 1128 inauditas
1312 1075 1550 1129 elocutus
1572 1085 1681 1130 erat
1700 1077 2010 1141 sententias,
2040 1075 2237 1143 quibus

347 1161 795 1229 interpretationis
823 1170 875 1214 et
902 1163 1105 1215 criseos
1130 1162 1361 1215 biblicae
1390 1163 1713 1227 cultoribuS,
1753 1164 1845 1231 qui
1882 1163 2236 1231 praeterlapso

351 1247 566 1299 saeculo
605 1248 939 1312 exstiterunt,
987 1250 1092 1300 iam
1132 1248 1335 1301 dudum
1369 1250 1605 1318 praeivit.
1681 1250 1833 1301 Cont’.
1871 1248 2073 1301 Paulus
2108 1263 2235 1316 opp.

350 1333 500 1399 Spin.
535 1338 664 1385 tom.
695 1336 742 1386 1.
772 1334 992 1403 praefat.
1022 1351 1076 1403 p.
1099 1336 1188 1387 IV.
1221 1349 1306 1401 sq.
1336 1336 1387 1399 ⁵)
1436 1342 1487 1387 et
1520 1334 1691 1400 Hegel
1716 1334 2078 1399 Vorlesungen
2106 1335 2239 1384 tiber

349 1417 434 1469 dle
455 1416 756 1471 Geschichte
775 1420 871 1471 der
885 1420 1240 1486 Philosophia.
1278 1419 1395 1472 Vol.
1418 1422 1519 1472 111.
1559 1435 1612 1488 p.
1636 1419 1756 1471 369.
1780 1434 1863 1486 sq.
1930 1422 2111 1485 Itaque
2132 1420 2239 1470 iam

347 1510 474 1557 tunc
492 1507 746 1575 temporis
767 1504 920 1557 multi
937 1512 1185 1557 tractatus
1203 1503 1637 1573 tbeol.-politici,
1660 1505 1811 1557 cuius
1829 1512 2093 1556 auctorem
2115 1503 2240 1571 Spi-

349 1604 536 1641 nozam
565 1605 684 1644 esse
711 1605 828 1643 mox
859 1591 1121 1653 constitit,
1160 1589 1447 1643 adversarii
1477 1593 1801 1644 exstiterunt.
1872 1590 2069 1641 Eorum
2087 1590 2239 1657 prin-

351 1675 498 1742 cipes
515 1682 640 1729 sunt
658 1675 740 1727 hi:

341 1825 345 1834 Ι
456 1763 505 1817 1.
544 1763 692 1813 laco
706 1765 815 1813 bus
844 1762 1218 1814 Thomasius
1245 1761 1301 1812 in
1318 1768 1729 1829 programmate:
1768 1761 2087 1826 „Adversus
2108 1775 2239 1813 ano-

354 1862 568 1914 nymum
599 1848 662 1899 de
693 1847 930 1900 libertate
960 1847 1443 1916 philosophandiff
1513 1849 1662 1916 Lips.
1696 1847 1861 1913 16703
1899 1849 1955 1899 in
1995 1847 2237 1901 eiusdem

352 1933 821 1986 dissertationibus
857 1947 886 1986 a
924 1932 1033 1986 lilio
1073 1933 1375 1986 Christiano
1415 1933 1689 1987 Thomasio
1728 1933 1887 1988 editis
1922 1933 2046 1988 Hal.
2081 1933 2237 1988 1693.

351 2033 471 2087 pag.
495 2018 614 2070 571.
637 2033 760 2086 sqq.

453 2274 497 2324 3)
517 2272 618 2318 vid.
638 2270 842 2316 Nicer-on
852 2271 1114 2318 Barnabae
1133 2276 1387 2320 memoires
1407 2287 1529 2331 pour
1544 2275 1693 2320 servir
1712 2277 1739 2320 a
1758 2275 1983 2321 l'bistoire
2002 2275 2083 2320 des
2102 2274 2242 2320 bom-

354 2343 454 2376 mes
485 2331 688 2378 illustres
719 2334 834 2378 dans
863 2333 908 2379 la
940 2335 1222 2394 republique
1250 2336 1332 2383 des
1354 2334 1543 2392 lettres,
1580 2336 1813 2380 additions
1836 2342 1867 2380 t.
1889 2335 1991 2380 XX.
2012 2347 2057 2392 p.
2079 2337 2147 2378 59.
2166 2347 2241 2436 εἳ.
2322 2381 2333 2390 ,

359 2390 528 2433 Christ.
556 2393 682 2446 Aug.
713 2391 967 2434 Heumann
987 2394 1044 2438 de
1063 2405 1203 2438 anon.
1228 2401 1274 2439 et
1293 2395 1600 2450 pseudonym.
1622 2407 1666 2451 p.
1689 2397 1779 2438 100.
1837 2393 2007 2440 Christ.
2034 2393 2191 2450 Theop
2228 2424 2241 2436 .

359 2453 413 2494 de
434 2450 574 2494 Murr
593 2453 706 2496 Ben.
727 2453 784 2498 de
803 2453 1002 2510 Spinoza
1021 2454 1226 2499 adnotat.
1249 2456 1307 2499 ad
1328 2460 1461 2500 tract.
1484 2454 1627 2500 theol.
1648 2455 1781 2511 polit.
1802 2467 1847 2511 p.
1870 2458 1934 2498 11.

457 2533 502 2580 4)
532 2529 588 2574 ln
621 2529 784 2584 Anglia
821 2529 913 2576 sub
949 2529 1139 2580 nomine
1175 2531 1295 2576 Dan.
1336 2531 1517 2578 Heinsii
1545 2539 1792 2578 tractatum
1823 2532 1941 2588 typis
1970 2543 2242 2588 expressum

358 2602 462 2635 esse
481 2589 627 2634 refert
651 2587 798 2646 Wolf
808 2589 926 2636 bibl.
951 2591 1094 2635 Hebr.
1115 2597 1147 2636 t.
1171 2590 1208 2637 1.
1229 2603 1276 2646 p.
1294 2593 1390 2636 24⁰.

457 2670 500 2719 5)
531 2667 708 2724 „Quae
736 2679 860 2713 nunc
887 2669 1078 2726 quidem
1107 2667 1164 2712 de
1191 2667 1325 2713 libris
1344 2669 1395 2712 V.
1418 2669 1491 2713 Tti
1520 2669 1674 2725 quoad
1694 2669 1933 2714 notionem
1953 2667 2243 2727 prophetiae,

357 2727 586 2782 originem
617 2732 663 2771 et
691 2735 892 2774 aetatem
912 2725 1204 2784 singulorum
1222 2727 1453 2773 librorum
1467 2731 1486 2778 ,⁴
1520 2727 1844 2774 collectionem
1865 2741 2029 2773 eorum
2048 2727 2245 2773 canoni-

357 2799 488 2840 cam,
511 2785 640 2842 leges
659 2787 1022 2845 interpretandi,
1053 2786 1285 2832 vocalium
1305 2789 1660 2842 auctoritatem,
1688 2787 1969 2833 variantium
1989 2787 2244 2833 lectionum

356 2845 641 2893 Rabbinicas
669 2849 996 2894 adnotationes
1027 2854 1074 2891 et
1091 2847 1270 2904 reliqua
1292 2847 1337 2894 id
1356 2859 1501 2904 genus
1524 2848 1782 2895 recentiora
1812 2859 2066 2904 exegeseos
2096 2847 2244 2892 erise-

358 2917 508 2960 osque
541 2906 748 2953 biblicae
786 2909 1072 2952 incrementa
1111 2914 1218 2962 post
1253 2908 1483 2963 integrum
1520 2913 1570 2952 et·
1602 2908 1727 2964 quod
1764 2909 1968 2953 excurrit
1999 2905 2245 2953 saeculum

356 2963 698 3010 Eicbhorniani
727 2967 1024 3024 potissimum
1056 2967 1212 3022 operis
1240 2967 1347 3013 luce
1374 2980 1459 3024 per
1487 2967 1787 3014 Germaniam
1824 2968 1971 3014 cuivis
2008 2967 2245 3012 inclarue-

357 3030 484 3083 runt,
506 3037 560 3070 ea
581 3037 675 3070 non
695 3027 971 3072 vaticinatus
995 3027 1164 3083 iuerat,
1175 3028 1259 3074 sed
1282 3040 1448 3084 magna
1471 3039 1525 3072 ex
1546 3034 1679 3085 parte
1699 3028 1795 3072 iam
1815 3029 2127 3084 descripserat
2144 3028 2244 3074 evi·-

361 3090 582 3142 ceratque
606 3090 828 3132 tractatus
850 3086 931 3132 ille
949 3087 1214 3142 theologico
1227 3113 1251 3122 -
1263 3085 1537 3143 politicus.“
1591 3087 1791 3134 Paulus.
