2548 3485
1079 169 1219 216 car.
1271 167 1391 216 xu.
1746 171 1753 180 ·
2062 159 2180 222 175

295 413 478 490 CAP.
513 423 650 488 ΧΗ.
739 425 838 487 De
879 445 1024 488 vero
1068 424 1224 506 legis
1259 423 1493 486 divinae
1536 423 1911 506 syngrapho,
1956 429 2021 485 et
2062 443 2182 502 qua
2230 439 2241 453 ‘

291 523 520 583 ratione
557 520 860 602 Scriptura
897 519 1084 582 Sacra
1127 524 1373 581 vocatur
1416 523 1480 580 et
1523 537 1643 598 qua
1684 520 1910 580 ratione
1944 518 2183 579 verbum

297 615 424 675 Dei.
515 613 794 694 Denique
830 615 1158 677 ostenditur
1191 615 1417 696 ipsam,
1454 618 1747 694 quatenus
1784 612 2027 674 verbum
2064 611 2184 674 Dei

549 711 836 780 continet,
873 708 1265 790 incorruptam
1303 707 1381 770 ad
1416 728 1529 770 nos
1565 705 1933 788 pervenisse.

399 864 500 928 Qui
519 859 716 926 Biblia,
754 867 870 913 utut
896 869 1047 927 sunt,
1089 868 1334 927 tanquam
1356 859 1629 929 epistolam
1646 861 1743 913 Dei
1775 874 1805 911 e
1834 859 1977 913 coelo
2004 860 2181 913 bomi-

299 939 455 993 nibus
484 939 699 991 missam
721 939 1076 997 considerant,
1109 937 1406 991 clamabunt
1425 939 1539 990 sine
1560 932 1719 990 dubio
1742 952 1823 989 me
1843 943 2109 1004 peccatum
2132 939 2187 992 iu
2214 975 2219 982 -

296 1018 536 1084 spiritum
557 1021 793 1067 sanctum
813 1017 1160 1078 commisisse,
1177 1017 1267 1082 qui
1292 1016 1487 1067 scilicet
1501 1015 1598 1066 Dei
1618 1012 1829 1067 verbum
1853 1013 2183 1080 mendosum,

298 1102 605 1155 truncatum,
620 1089 965 1144 adulteratum
982 1100 1032 1146 et
1047 1090 1147 1144 sibi
1165 1107 1268 1142 non
1284 1100 1533 1144 constans
1554 1093 1841 1154 statuerim,
1859 1107 2059 1158 nosque
2072 1093 2187 1146 eius

298 1186 400 1223 non
421 1171 520 1221 nisi
539 1169 822 1236 fragmenta
845 1169 1050 1232 babere,
1072 1177 1122 1221 et
1141 1170 1367 1234 denique
1387 1167 1737 1236 syngraphum
1760 1171 1893 1234 pacti
1913 1169 2027 1232 Dei,
2044 1171 2185 1236 quod

300 1262 416 1299 cum
432 1245 638 1298 ludaeis
659 1248 868 1314 pepigit,
887 1249 1122 1315 periisse.
1194 1247 1247 1302 2.
1268 1247 1465 1300 Verum
1488 1261 1591 1298 non
1614 1244 1813 1306 dubito,
1826 1247 1873 1297 si
1894 1261 2000 1298 rem
2021 1249 2189 1315 ipsam

300 1323 618 1392 perpendere
637 1324 820 1390 velint,
862 1326 987 1390 quin
1009 1325 1182 1376 statim
1205 1323 1425 1376 clamare
1447 1322 1705 1374 desinent.
1779 1323 1909 1374 Nam
1928 1318 2188 1391 tam‘ipsa

304 1403 449 1463 ratio,
464 1415 620 1467 quam
637 1400 1001 1469 prophetarum
1017 1409 1068 1455 et
1081 1401 1433 1470 apostolorum
1450 1401 1736 1453 sententiae
1752 1407 1923 1465 aperte
1938 1401 2184 1464 clamant,

302 1479 394 1532 Dei
423 1477 929 1548 aeternum-‚verbum
960 1486 1011 1531 et
1037 1487 1245 1546 pactum
1280 1492 1555 1544 veramque
1585 1477 1888 1543 religionem
1914 1475 2189 1529 hominum

303 1555 568 1630 cordibus,
592 1556 688 1607 boc
709 1562 804 1617 cst,
827 1555 1083 1608 humanae
1105 1557 1266 1608 menti
1288 1555 1533 1607 divinitus
1561 1555 1865 1622 inscriptam
1887 1569 2024 1616 esse,
2046 1569 2191 1607 eam-

305 1648 404 1702 que
433 1647 609 1684 verum
632 1646 757 1683 *esse
783 1633 878 1684 Dei
908 1633 1256 1702 syngraphum
1274 1672 1289 1695 ‚
1329 1633 1468 1699 quod
1498 1633 1611 1698 ipse
1639 1645 1737 1683 suo
1765 1632 1962 1698 sigillo,
2003 1647 2189 1700 nempe

303 1714 383 1763 sui
405 1711 521 1781 idea
541 1716 788 1777 tanquam
812 1709 1034 1775 imagine
1055 1726 1179 1764 suae
1201 1711 1482 1763 divinitatis
1502 1708 1835 1775 consignavit.
1909 1709 1963 1765 3.
1997 1710 2187 1763 Primis

301 1787 508 1840 Iudaeis
538 1786 714 1853 religio
747 1792 994 1853 tanquam
1023 1788 1103 1841 lex
1119 1790 1307 1857 scripta
1330 1788 1511 1839 tradita
1532 1795 1629 1850 est,
1668 1787 1914 1839 nimirum
1936 1788 2056 1854 quia
2076 1796 2189 1840 tum

301 1864 548 1931 temporis
577 1864 730 1915 veluti
759 1864 980 1925 infantes
1010 1866 1352 1917 habebantur.
1427 1865 1618 1915 Verum
1648 1865 1703 1915 in
1732 1871 1996 1931 posterum
2022 1867 2190 1917 Moses

302 1941 542 2007 (Denter.
565 1954 679 2006 cap.
704 1940 792 1991 30.
814 1954 948 1993 vers.
972 1943 1051 2011 6.)
1073 1950 1124 1994 et
1139 1943 1384 1995 Ieremias
1405 1940 1547 2009 (cap.
1572 1941 1657 2015 3¹.-
1680 1955 1815 1993 vers.
1838 1941 1950 2006 33.)
1982 1949 2189 2009 tempus

303 2018 534 2070 futurum
561 2017 695 2083 ipsis
722 2017 1051 2085 praedicant,
1092 2034 1196 2085 quo
1215 2022 1358 2070 Deus
1385 2032 1533 2069 suam
1562 2017 1726 2083 legem
1748 2032 1925 2069 eorum
1944 2018 2189 2071 cordibus

302 2094 572 2147 inscribet.
643 2092 900 2161 Adeoque
919 2097 1044 2148 solis
1067 2098 1293 2157 IudaeiS‚
1318 2101 1368 2146 et
1386 2095 1659 2162 praecipue
1680 2094 1963 2147 Zaducaeis
1984 2108 2191 2162 compe-

304 2173 462 2235 tebat,
502 2171 623 2223 olim
645 2186 740 2239 pro
761 2172 870 2237 lege
891 2174 942 2224 in
965 2174 1158 2225 tabulis
1177 2174 1367 2241 scripta
1385 2185 1645 2239 pugnare3
1686 2178 1737 2221 at
1756 2172 1822 2222 iis
1843 2172 2073 2234 minime,
2098 2173 2190 2239 qui

303 2251 471 2317 ipsam
492 2248 760 2301 mentibus
781 2250 1076 2317 inscriptam
1102 2249 1311 2303 babent.
1384 2252 1437 2300 4.
1478 2250 1579 2313 Qui
1600 2248 1753 2313 igitur
1770 2246 1833 2299 ad
1859 2248 1983 2299 haec
2011 2256 2187 2300 atten-

303 2326 424 2379 dere
443 2324 590 2389 velit·,
631 2325 761 2377 nihil
779 2326 832 2377 in
855 2341 1010 2394 supra
1032 2328 1181 2379 dictis
1201 2326 1447 2394 reperiet,
1470 2326 1609 2391 quod
1629 2325 1722 2377 Dei
1741 2324 1896 2377 verbo
1916 2326 2025 2379 sive
2042 2340 2189 2380 verae
2258 2332 2263 2339 '

303 2403 539 2471 religioni
559 2408 611 2454 et
626 2401 746 2455 fidei
768 2411 1034 2471 repugnet,
1056 2404 1136 2455 vel
1156 2404 1297 2469 quod
1319 2418 1429 2455 eam
1453 2402 1709 2455 infirmare
1726 2403 1914 2471 possit,
1946 2404 2039 2456 sed
2063 2417 2192 2457 con-

303 2488 379 2534 tra
399 2494 497 2533 nos
518 2481 734 2533 eandem
756 2480 1056 2534 confirmare
1072 2521 1086 2544 ‚
1125 2490 1184 2532 ut
1210 2480 1363 2533 etiam
1386 2480 1517 2532 circa
1537 2478 1690 2532 finem
1712 2495 1825 2548 cap,
1851 2481 1934 2533 10.
1958 2483 2193 2535 ostendi-

303 2572 422 2611 mus
440 2559 528 2621 1);·
561 2564 612 2610 et
648 2559 702 2609 ni
734 2557 830 2611 boc
867 2565 1029 2621 esset,
1071 2558 1222 2625 plane
1259 2559 1324 2610 de
1362 2558 1447 2609 his
1477 2566 1643 2610 tacere
1670 2558 2012 2611 decrevissem
2027 2598 2042 2621 ,
2084 2560 2190 2613 imo

301 2634 523 2689 libenter
553 2636 926 2688 concessissem
948 2634 1012 2687 ad
1033 2635 1350 2701 effugiendas
1371 2649 1551 2688 omnes
1580 2635 1933 2700 difficultates,
1972 2636 2024 2686 in
2048 2635 2193 2687 Scri-

305 2702 473 2781 pturis
494 2712 905 2781 profundissima
935 2713 1090 2765 latere
1111 2714 1370 2779 mysteria.
1445 2712 1547 2764 Sed
1568 2714 1690 2778 quia
1710 2714 1832 2766 inde
1852 2711 2187 2763 intolerabilis

303 2798 412 2842 orta
433 2797 514 2841 est
533 2790 834 2857 superstitio
861 2796 912 2841 et
940 2791 1039 2841 alia
1059 2790 1495 2857 perniciosissima
1515 2790 1867 2851 incommoda,
1911 2789 1973 2838 de
1995 2786 2188 2853 quibus

304 2868 355 2919 in
375 2868 694 2935 praefatione
713 2882 825 2935 cap.
849 2866 902 2919 7.
925 2867 1128 2920 locutus
1148 2882 1266 2919 sum
1283 2868 1334 2932 ²)
1349 2906 1363 2930 ,
1401 2868 1483 2920 bis
1503 2868 1716 2919 minime
1734 2864 2186 2931 supersedendum

305 2959 420 2997 esse
441 2944 559 2996 duxi
577 2960 591 3007 ς
629 2946 932 3013 praesertim
955 2946 1074 3012 quia
1093 2944 1270 3015 religio
1291 2943 1451 2999 nullis
1469 2943 1843 3012 superstitiosis
1862 2945 2182 2997 ornamentis

405 3084 450 3133 1)
487 3081 588 3125 vid.
609 3092 713 3136 cap.
733 3083 798 3124 1⁰.
821 3081 860 3133 ς.
880 3082 948 3123 42.

405 3142 450 3194 2)
487 3140 588 3188 vid.
607 3152 714 3198 cap.
733 3142 774 3185 ἵ.
795 3142 839 3196 ς.
859 3142 978 3195 ί-τῧ.
