2548 3485
1098 147 1233 192 car.
1289 145 1347 190 v,
2082 135 2165 196 77

285 326 338 379 iu
361 339 570 392 corpore
590 338 716 375 sano
733 323 934 388 Deique
953 321 1162 388 gloriam
1185 321 1339 372 etiam
1358 327 1475 387 post
1495 325 1710 371 mortem
1729 319 2050 386 promittereg
2072 333 2166 386 pro

287 401 589 452 ceremoniis
619 408 790 453 autem
818 400 946 451 nihil
969 401 1070 450 nisi
1090 399 1291 464 imperii
1312 399 1665 459 securitatem,
1702 398 2088 464 prosperitatem
2116 403 2168 448 et

285 480 516 545 eorporis
548 479 858 529 felicitatem.
933 478 1020 530 11.
1057 477 1119 527 In
1146 475 1371 526 Psalmis
1396 477 1480 528 15.
1500 482 1553 527 et
1568 477 1657 530 24.
1686 474 1827 526 nulla
1851 473 1911 525 fit
1937 489 2167 526 ceremo-

283 557 486 608 niarum
510 557 731 618 mentio,
771 555 863 606 sed
885 561 1084 605 tantum
1105 553 1537 604 documentorum
1555 553 1823 604 moralium
1840 590 1855 614 ,
1894 552 2161 614 nimirum,

285 634 406 698 quia
443 633 497 684 in
537 634 604 684 iis
628 632 708 684 ·de
743 632 854 683 sola
893 629 1208 682 beatitudine
1247 631 1443 696 agitur,
1500 645 1663 696 eaque
1698 629 1807 681 sola
1842 630 2163 696 proponitur,

284 711 518 776 quamvis
537 717 708 761 tamen
731 708 1036 776 parabolice.
1091 709 1222 758 Nam
1254 715 1448 760 certum
1478 715 1584 772 est,
1623 707 1695 758 ibi
1716 721 1809 773 per
1824 713 2051 758 montem
2070 707 2165 758 Dei

285 789 504 852 eiusque
533 787 752 838 tentoria
780 793 829 838 et
856 787 1038 836 horum
1067 784 1487 837 inhabitationem
1514 782 1887 837 beatitudinem
1921 791 1971 835 et
2008 784 2164 835 animi

286 863 736 930 tranquillitatem,
785 877 886 914 non
925 877 1042 914 vero
1080 869 1311 914 montem
1344 862 1758 928 Hierosolymae,
1798 876 1967 929 neque
2001 861 2165 912 Musis

285 941 673 992 tabernaculum
705 941 948 1006 intelligi3
988 937 1112 990 hacc
1142 941 1280 990 enim
1308 939 1418 992 loca
1444 955 1475 992 a
1502 941 1708 991 nemine
1728 936 2163 1000 inhabitabantur,

285 1033 380 1069 nec
407 1019 508 1070 nisi
539 1016 603 1069 ab
631 1019 722 1079 iis,
767 1017 857 1082 qui
889 1030 947 1068 ex
975 1016 1082 1068 sola
1119 1015 1256 1068 tribu
1286 1019 1406 1069 Levi
1446 1025 1615 1079 erant,
1654 1014 2163 1070 administrabantur.

287 1096 370 1149 12.
407 1097 566 1146 Porro
583 1092 766 1156 omues
784 1090 938 1145 etiam
957 1093 1074 1144 illae
1094 1093 1385 1147 Salomonis
1413 1095 1722 1157 sententiae,
1766 1107 1897 1160 quas
1923 1095 1976 1146 in
2006 1107 2166 1159 supe-

285 1172 414 1223 riore
446 1173 610 1237 capite
637 1171 814 1233 attuli,
854 1185 948 1235 pro
976 1170 1089 1221 solo
1115 1171 1259 1222 cultu
1288 1170 1579 1223 intellectus
1609 1179 1659 1222 et
1686 1173 1969 1238 sapientiae
1994 1185 2164 1223 veram

283 1251 592 1314 promittunt
617 1247 985 1300 beatitudinem
1005 1287 1020 1309 ,
1059 1261 1272 1314 nempe,
1316 1248 1453 1313 quod
1484 1263 1542 1299 ex
1570 1264 1629 1300 ea
1658 1249 1864 1300 tandem
1892 1249 2045 1299 timor
2072 1249 2167 1298 Dei

285 1327 600 1391 intelligetur
628 1334 679 1378 ct
703 1326 798 1376 Dei
829 1325 1041 1382 scientia
1071 1325 1379 1376 invenietur.
1452 1325 1537 1380 13.
1574 1325 1730 1388 Quod
1748 1332 1921 1378 autem
1940 1324 2165 1377 Hebraei

284 1410 402 1468 post
431 1403 749 1455 destructum
779 1417 954 1454 eorum
985 1402 1260 1468 imperium
1286 1417 1390 1453 non
1418 1409 1661 1454 tenentur
1678 1403 1995 1454 ceremonias
2016 1417 2163 1452 exer-

285 1494 426 1542 cere,
465 1487 606 1546 patet
625 1495 683 1531 ex
699 1479 946 1540 Ieremia,
987 1481 1076 1543 qui
1101 1477 1194 1530 ubi
1224 1478 1370 1530 urbis
1405 1480 1738 1533 vastationem
1778 1494 1939 1546 prope
1972 1481 2166 1530 instare

283 1558 410 1609 vidit
435 1563 487 1608 et
513 1556 788 1624 praedicit,
827 1557 926 1619 ait,
965 1555 1137 1608 Deum
1163 1572 1252 1607 eoa
1280 1561 1485 1608 tantum
1510 1557 1765 1622 diligere,
1804 1559 1901 1624 qm·
1925 1559 2098 1608 sciunt
2116 1561 2169 1606 et

281 1633 618 1700 intelligunt,
658 1633 802 1701 quod
815 1637 927 1700 ipse
946 1639 1160 1685 emarcet
1176 1635 1597 1686 misericordiam
1608 1672 1625 1699 ,
1666 1635 1927 1687 iudicium
1944 1639 2000 1685 et
2014 1636 2168 1684 iusti-

284 1713 416 1763 tiam
441 1714 502 1762 in
527 1711 751 1775 mundo‚·
788 1711 1023 1778 adeoque
1051 1715 1108 1763 in
1123 1716 1399 1779 posterum
1421 1727 1525 1765 non
1542 1715 1649 1763 nisi
1667 1729 1781 1774 eoa,
1817 1713 1914 1779 qui
1929 1712 2059 1763 haec
2074 1725 2168 1763 no·

281 1793 431 1853 runt,
473 1788 627 1839 laude
663 1789 854 1853 dignos
889 1789 1244 1841 aestimandos
1281 1806 1390 1841 esse
1428 1790 1571 1856 (vide
1601 1805 1717 1856 cap.
1740 1790 1790 1841 9.
1812 1804 1861 1841 v.
1881 1788 1969 1845 23.
1993 1789 2160 1857 sqq.),

285 1866 434 1931 quasi
455 1864 670 1927 diceret,
690 1866 858 1917 Deum
879 1875 996 1934 post
1016 1864 1160 1917 urbis
1178 1868 1512 1918 vastationem
1534 1866 1659 1917 nihil
1678 1866 1939 1932 singulare
1957 1865 2166 1918 Iudaeis

283 1942 480 2007 exigere
494 1980 508 2001 ,
551 1956 646 1993 nec
663 1942 803 1992 aliud
821 1941 886 1993 ab
905 1944 1092 1995 iisdem
1111 1945 1164 1994 in
1187 1952 1449 2011 posterum
1472 1952 1643 2010 petere
1662 1950 1863 2010 praeter
1878 1944 2043 2010 legem
2066 1959 2163 1994 na·-

283 2020 532 2082 turalem,
580 2034 683 2084 qua
719 2034 898 2071 omnes
935 2021 1176 2074 mortales
1213 2026 1469 2072 tenentur.
1546 2021 1629 2071 14.
1666 2022 1869 2073 Novum
1906 2027 2163 2087 praeterea

283 2102 646 2154 testamentum
675 2096 773 2149 hoc
799 2098 973 2163 ipsum
1004 2097 1159 2165 plane
1187 2096 1472 2149 confirmat.
1545 2099 1605 2149 ln
1634 2111 1695 2149 eo
1724 2098 1893 2161 enim,
1933 2100 2009 2149 uti
2029 2098 2164 2149 dixi-

281 2188 402 2225 mus
417 2212 432 2237 ‚
471 2172 778 2225 documenta
811 2182 1010 2226 tantum
1039 2175 1250 2228 moralia
1273 2176 1525 2227 docentur
1543 2182 1593 2225 et
1612 2190 1703 2240 pro
1726 2176 1789 2225 iis
1810 2190 2022 2239 regnum
2045 2190 2166 2226 coe-

275 2249 412 2303 leste
441 2251 778 2317 promittitur3
817 2254 1134 2307 ceremonias
1163 2259 1369 2314 autem,
1407 2259 1682 2318 postquam
1712 2251 2029 2318 evangelium
2050 2252 2165 2303 aliis

284 2330 434 2379 etiam
449 2327 708 2394 gentibus,
734 2330 824 2395 qui
845 2328 1056 2381 alterius
1075 2328 1389 2395 reipublicae
1408 2330 1517 2382 iure
1539 2327 1859 2393 tenebantur,
1884 2328 2163 2395 praedicari

283 2406 500 2472 incepit,
543 2407 734 2458 missas
771 2406 1005 2458 fecerunt
1039 2407 1279 2473 apostoli.
1354 2406 1507 2469 Quod
1546 2412 1719 2457 autem
1747 2406 2010 2459 Pharisaei
2048 2414 2167 2473 post

283 2483 536 2535 amissum
571 2484 844 2549 imperium
881 2496 972 2535 eas
1006 2488 1095 2535 aut
1129 2484 1311 2535 saltem
1349 2498 1584 2549 magnam
1614 2498 1789 2535 earum
1820 2490 2015 2550 partem
2044 2486 2167 2536 reti-

282 2562 513 2622 nuerint,
557 2560 609 2611 id
640 2562 808 2627 magis
835 2562 1008 2612 animo
1029 2561 1333 2613 Christianis
1361 2562 1691 2621 adversandi,
1732 2576 1886 2627 quam
1914 2564 2023 2613 Deo
2050 2562 2166 2628 pla-

283 2636 708 2689 cendifecerunt.
781 2640 867 2690 15.
903 2640 1036 2691 Nam
1065 2648 1184 2705 post
1209 2640 1424 2706 primam
1454 2638 1599 2691 urhis
1628 2640 1961 2693 vastationem
2000 2652 2163 2704 quum

282 2713 598 2781 Babylonem
628 2716 812 2781 captivi
843 2714 984 2767 ducti
1013 2715 1250 2777 fuerunt,
1292 2718 1412 2781 quia
1440 2724 1550 2767 tum
1581 2720 1635 2768 iu
1662 2725 1828 2769 sectas
1859 2732 1963 2769 non
1998 2722 2161 2777 erant,

283 2790 423 2857 quod
443 2792 603 2843 sciam
623 2828 637 2853 ‚
677 2791 854 2857 divisi,
894 2796 1070 2847 statim
1093 2793 1414 2846 ceremonias
1434 2794 1788 2859 neglexerunt,
1829 2796 1932 2845 imo
1953 2793 2044 2843 toti
2063 2792 2162 2857 legi

279 2870 446 2921 Masis
466 2869 838 2935 valedixerunt,
879 2873 1176 2937 patriaeque
1194 2871 1305 2922 iura
1325 2870 1595 2929 oblivioni,
1628 2877 1689 2920 ut
1708 2871 1857 2936 plane
1875 2868 2160 2935 superflua,

280 2946 603 3009 tradiderunt
639 2954 691 2999 et
726 2962 782 2999 se
819 2961 936 2999 cum
975 2950 1156 3000 ceteris
1191 2947 1487 3000 nationibus
1514 2948 1805 2997 immiscere
1840 2946 2159 3010 inceperunt,

279 3027 342 3073 ut
366 3038 425 3073 ex
451 3024 652 3075 Hezdra
684 3032 732 3075 et
750 3024 994 3077 Nebemia
1022 3026 1148 3077 satis
1177 3039 1439 3093 superque
1458 3029 1676 3075 constat.
1750 3025 1919 3086 Quare
1939 3038 2040 3073 non
2062 3024 2163 3073 du·-

279 3098 432 3169 bium
461 3108 569 3164 est,
609 3104 732 3169 quin
763 3102 934 3155 Iudaei
965 3111 1085 3170 post
1111 3103 1421 3155 dissolutum
1451 3100 1725 3167 imperium
1745 3100 1855 3165 lege
1872 3100 2037 3151 Masis
2058 3113 2159 3148 non
