2548 3485
322 118 446 179 212
720 121 1107 168 Tuacm'rus
1150 123 1804 179 TnEomfflco-Pou'r.

322 300 603 363 divisione,
642 306 693 353 et
713 309 1089 368 consequenter
1108 302 1460 356 destructione
1480 300 1646 353 facere
1665 300 1957 367 potuerint,
1997 313 2059 351 eo
2087 300 2202 369 ipso

323 391 379 429 se
400 377 607 429 arbitrio
626 392 861 430 summae
881 381 1147 447 potestatis
1176 380 1411 432 absolute
1434 378 1826 437 submiserunt.
1867 378 2007 445 quod
2039 378 2200 442 quu'm

322 454 561 506 absolute
597 455 837 519 fecerint,
876 456 1063 523 idque,
1102 464 1162 508 ut
1194 458 1298 509 iam
1336 455 1673 509 ostendimus
1677 456 1757 521 ¹)
1805 442 1856 505 et
1895 456 2204 507 necessitate

322 538 535 597 cogente
556 534 733 599 etipsa
755 533 949 584 ratione
968 534 1244 596 suadente,
1276 533 1398 585 hinc
1416 534 1675 601 sequitur,
1709 519 1869 599 quod,
1905 533 2007 583 nisi
2025 532 2204 583 hostes

319 608 524 674 imperii
554 622 667 659 esse
693 608 911 662 velimus
932 618 983 661 et
1002 619 1176 664 contra
1198 612 1444 664 rationem
1465 610 1741 677 imperium
1761 610 1986 667 summis
2005 607 2205 661 viribus

322 683 598 737 defendere
628 684 935 738 suadentem
966 702 1143 753 agere,
1183 690 1356 739 omnia
1391 686 1627 739 absolute
1664 701 1901 739 summac⁴
1934 686 2205 753 potestatis

322 761 563 815 mandata
597 763 801 829 exsequi
840 770 1107 826 tenemus,
1146 766 1350 817 tametsi
1385 764 1765 816 absurdissima
1801 766 2050 831 imperet}
2074 760 2206 813 'talia

322 841 463 891 enim
484 840 611 891 ratio
630 840 839 905 exsequi
860 842 1014 893 etia-m
1034 840 1207 905 iubet,
1248 850 1305 893 ut
1334 842 1396 893 de
1427 840 1635 893 duobus
1661 839 1812 893 malis
1839 841 2016 894 minus
2043 840 2206 905 eliga-

323 931 461 968 mus.
532 918 621 971 28.
650 916 803 969 Adde
823 919 964 984 quod
984 918 1081 970 hoc
1102 916 1418 988 periculum,
1459 933 1518 971 se
1538 918 1740 971 scilicet
1757 918 1968 970 alterius
1989 916 2206 982 imperio
2234 932 2240 937 ·

324 1000 373 1044 et
391 992 603 1045 arbitrio
620 992 859 1046 absolute
878 995 1239 1058 submittendi,
1276 995 1426 1047 facile
1445 996 1808 1062 unusquisque
1827 994 1966 1047 adire
1985 999 2201 1063 poterat.

322 1070 478 1139 Nam,
532 1076 593 1121 ut
628 1072 978 1135 ostendimus,
1027 1073 1247 1125 summis
1281 1072 1628 1139 potestatibus
1661 1073 1760 1124 boc
1794 1073 1906 1134 ius,
1955 1068 2203 1137 quicquid

322 1147 480 1198 velint
510 1147 824 1215 imperandi,
880 1156 987 1202 tam
1024 1150 1115 1200 diu
1150 1156 1351 1201 tantum
1391 1150 1658 1216 competi-,t
1711 1164 1866 1215 quam
1905 1148 1994 1199 diu
2030 1160 2205 1199 revera

322 1237 581 1275 summam
608 1224 799 1277 habent
824 1232 1157 1293 potestatem;
1197 1226 1336 1292 quod
1375 1228 1419 1277 si
1458 1227 1674 1278 eandem
1716 1226 2008 1288 amiserint,
2047 1222 2203 1275 simul

319 1302 478 1353 etiam
508 1303 591 1353 ius
619 1304 791 1354 omnia
811 1302 1097 1368 imperandi
1116 1305 1382 1367 amittunt,
1423 1304 1544 1355 etin
1565 1317 1684 1355 eum
1703 1303 1780 1353 vei
1801 1316 1890 1354 eos
1911 1302 2074 1365 cadit,
2113 1300 2204 1366 qui

323 1379 497 1445 ipsum
533 1380 915 1447 acquisiverunt
950 1388 1001 1431 et
1034 1382 1253 1431 retinere
1290 1389 1530 1446 possunt.
1603 1380 1689 1433 29.
1727 1380 2054 1445 ,Quapropter
2092 1392 2206 1429 rare

323 1455 605 1508 admodum
625 1452 918 1523 contingere
936 1463 1133 1523 potest,
1174 1464 1231 1508 ut
1260 1472 1496 1509 summae
1523 1455 2206 1523 potestates-absurdissima

324 1534 603 1601 imperent3
652 1534 781 1600 ipsis
820 1534 955 1585 enim
994 1534 1212 1585 maxime
1246 1534 1526 1599 incumbit,
1579 1539 1640 1586 ut
1669 1532 1772 1585 sibi
1809 1532 2122 1600 prospiciant
2156 1537 2208 1584 ει

327 1609 603 1676 imperium
624 1612 891 1673 retineant,
926 1612 1187 1663 communi
1208 1610 1344 1674 bono
1365 1612 1634 1670 consulere
1655 1617 1706 1661 et
1725 1611 1896 1663 omnia
1915 1623 1975 1660 ex
1995 1608 2206 1660 rationis

327 1677 600 1739 dictamine
620 1686 857 1754 dirigeret
900 1687 1173 1751 „Violenta
1193 1688 1580 1757 enimimperia,
1605 1695 1663 1739 ut
1681 1686 2028 1750 aitScneca2),
2051 1698 2208 1737 nemo

294 1789 297 1794 ·
328 1765 579 1817 continuit
610 1764 765 1816 diu.“
838 1765 925 1817 30.
962 1763 1171 1828 Quibus
1198 1765 1423 1828 accedit,
1463 1765 1602 1832 quod
1641 1767 1694 1816 in
1731 1763 2070 1817 democratico
2105 1765 2208 1816 im·
2299 1775 2314 1784 ··

330 1842 472 1909 perio
493 1842 668 1893 minus
694 1839 923 1914 timenda
950 1849 1075 1894 sunt
1100 1841 1350 1903 absurda;
1393 1857 1511 1895 nam
1535 1842 1641 1894 fere
1659 1840 1988 1907 impossibile
2005 1849 2112 1904 est,
2147 1847 2209 1892 ut

238 1937 243 1942 ·
328 1919 491 1990 maior
510 1918 667 1969 unius
687 1926 862 1970 coetus
883 1933 1022 1987 pax-S,
1055 1920 1101 1970 si
1118 1934 1334 1986 magnus
1349 1927 1446 1982 est,
1475 1919 1528 1969 in
1549 1918 1899 1972 un02absurdo
1918 1919 2204 1970 conveniat.

328 1995 529 2047 Deinde
546 2003 755 2063 propter
772 1997 883 2050 eius
904 1995 1302 2068 fundamentum
1323 2002 1373 2048 et
1391 1995 1546 2046 finem
1561 2035 1577 2058 ,
1621 1996 1711 2062 qni
1725 2035 1740 2058 ,
1771 2003 1830 2047 ut
1847 1997 2002 2048 etiam
2023 2002 2206 2046 osten-

331 2070 522 2138 dimus,
556 2073 734 2125 nulius
748 2072 881 2127 alius
894 2081 989 2139 est,
1023 2088 1181 2139 quam
1201 2072 1422 2124 absurda
1444 2073 1705 2140 appetitus
1720 2073 1878 2126 vitare
1897 2081 1949 2125 et
1965 2071 2204 2124 homines

330 2149 431 2200 sub
452 2150 665 2202 rationis
694 2150 915 2214 limites,
954 2151 1122 2218 quoad
1152 2151 1266 2202 eius
1293 2149 1402 2201 fieri
1430 2157 1625 2216 potest,
1665 2152 1956 2211 continere,
1995 2156 2053 2201 ιιι
2078 2162 2208 2199 con-

290 2259 295 2264 -
331 2225 553 2280 corditer
574 2233 626 2278 e't
650 2227 859 2294 pacifice
884 2228 1081 2290 vivant;
1124 2227 1261 2295 quod
1292 2212 1685 2298 fundamentum
1711 2229 1758 2278 si
1788 2227 2021 2289 tonatur,
2059 2224 2208 2278 facile

330 2309 432 2355 tota
454 2302 643 2356 ¹fabrica
663 2312 795 2357 ruet.
846 2305 931 2358 31.
960 2307 1058 2356 His
1078 2319 1197 2370 ergo
1216 2304 1479 2370 providere
1491 2317 1733 2380 summae
1748 2310 1948 2356 tantum
1968 2302 2208 2370 potestati

329 2378 610 2444 incumbit,
648 2380 871 2435 subditis
909 2389 1108 2446 autem,
1147 2381 1222 2432 nti
1264 2381 1515 2443 diximuS,
1557 2371 1678 2432 eius
1705 2380 1942 2434 mandata
1979 2380 2207 2446 exsequi,

330 2469 427 2508 nec
466 2457 602 2509 aiiud
640 2458 725 2510 ius
760 2473 1062 2524 agnoscere,
1103 2474 1259 2524 quam
1299 2458 1436 2524 quod
1461 2472 1678 2510 summa
1714 2465 1942 2524 potestas
1979 2458 2062 2508 ius
2093 2470 2209 2508 esse

332 2533 573 2586 declarat.
644 2536 731 2587 32.
763 2534 835 2587 Δι
850 2537 1021 2587 forsan
1044 2536 1231 2600 aliquis
1250 2531 1480 2602 putabit,
1521 2549 1616 2586 nos
1637 2534 1730 2585 hac
1750 2536 1949 2585 ratione
1970 2533 2209 2585 subditos

300 2669 304 2674 ,
332 2624 508 2662 servos
528 2613 718 2678 facere,
760 2613 882 2679 quia
901 2614 1083 2680 putan't
1098 2628 1306 2664 sev-own
1323 2625 1440 2664 esse
1459 2626 1576 2664 eum
1591 2650 1606 2674 ,
1639 2613 1728 2678 qui
1749 2625 1806 2662 cx
1826 2611 2068 2663 mandato
2087 2612 2206 2676 agit,

325 2691 386 2739 'et
403 2688 776 2756 liberum,·qui
799 2692 972 2742 animo
990 2704 1087 2742 suo
1108 2700 1302 2742 morem
1322 2691 1476 2756 gerim
1515 2687 1657 2755 quod
1682 2689 1896 2756 quidem
1925 2703 2025 2740 non
2055 2687 2210 2740 abso-

333 2763 441 2818 lute
459 2780 633 2820 verum
652 2775 753 2830 est.
824 2769 957 2821 Nam
976 2782 1145 2821 revera
1164 2767 1211 2820 is
1230 2767 1324 2834 qui
1343 2782 1371 2818 a
1389 2781 1488 2818 sua
1506 2764 1763 2833 voluptate
1787 2767 1856 2817 ita
1877 2765 2092 2816 trahitur
2105 2802 2119 2827 ‚
2157 2767 2210 2816 et

334 2841 495 2906 nihil,
540 2839 683 2909 q’uod
717 2843 820 2896 sibi
854 2845 980 2899 utile
1014 2853 1132 2907 est,·
1156 2845 1328 2898 videre
1365 2857 1534 2910 neque
1563 2857 1718 2910 egere
1751 2849 1951 2911 potest,
1993 2843 2210 2895 maxime

440 3029 487 3140 3
504 3027 611 3131 3:2-
632 3030 803 3134 ἓοιίιξῗο
806 3041 987 3134 ᾳῐςιοιιᾱ.
1008 3095 1097 3134 act.
1120 3089 1183 3135 11
1202 3103 1245 3134 v
1264 3091 1356 3136 258.
1393 3089 1526 3138 Geni.
1547 3103 1648 3148 cap.
1669 3093 1708 3170 5
1739 3091 1779 3144 §-
1798 3091 1864 3132 2²·
