2548 3485
410 167 525 225 128
800 167 1185 218 Tmen-rus
1223 169 1874 217 Tnnonomcooeom'r.

400 363 502 412 gns
534 352 635 400 ete.
720 347 863 412 Quae
899 349 1231 418 parenthesis
1256 349 1538 402 clarissime
1575 349 1764 400 indicat
1799 347 1985 400 horum
2021 344 2267 400 librorum

402 426 699 492 scriptorem
738 425 886 494 longe
923 425 1105 478 vixisse
1134 433 1251 493 post
1278 429 1487 492 Mosen;
1526 426 1610 477 hic
1637 427 1772 478 enim
1807 425 1994 476 modus
2022 423 2268 489 loquendi

402 501 513 553 eius
532 510 733 554 tantum
752 510 857 565 est,
896 505 983 569 qui
1002 518 1083 555 res
1104 505 1495 570 antiquissimas
1515 511 1712 566 narrat,
1751 503 1946 568 quique
1965 516 2136 553 rerum
2156 500 2273 551 reli-

402 580 552 644 quias
570 577 638 630 ad
654 577 809 632 fidem
828 579 1113 631 faciendam
1133 581 1348 642 indicat;
1381 588 1433 631 et
1450 580 1563 632 sine
1582 578 1741 631 dubio
1760 579 1842 630 hic
1859 579 2022 630 lectus
2041 585 2270 644 tempore

402 657 625 722 primum
639 657 881 720 Davidis,
921 657 1007 723 qui
1036 657 1165 711 hanc
1192 657 1376 708 urbem
1405 656 1634 724 subegit,
1674 663 1734 708 ut
1758 658 1811 708 in
1839 655 1970 709 libro
1989 657 2022 710 2
2041 655 2266 706 Samuel.

401 746 512 799 cap.
537 734 621 788 12.
651 748 701 788 ν.
721 732 807 786 30.
836 741 1095 797 narratur,
1136 735 1374 786 inventus
1401 742 1499 786 est.
1575 735 1657 790 12.
1695 733 1767 784 At
1795 748 1895 784 non
1933 732 2014 783 hie
2049 739 2266 794 tantum,

401 809 494 862 sed
523 808 678 878 paulo
705 812 856 862 etiam
884 810 1017 863 infra
1046 811 1184 864 idem
1212 811 1297 862 hic
1313 810 1586 863 historicus
1605 810 1774 862 verbis
1792 811 1958 863 Mosis
1987 810 2168 862 inserit
2187 808 2270 874 ¹):
2345 841 2354 849 ·

398 887 511 937 Iair
524 925 539 948 ‚
562 888 719 953 filius
737 886 999 939 Manassis
1012 927 1026 950 ,
1065 891 1207 956 cepit
1230 893 1399 939 totam
1426 888 1844 940 iurisdietionem
1869 887 2079 951 Argobi
2107 901 2272 950 usque

400 963 473 1014 ad
506 965 786 1014 temninum
817 963 1092 1015 Gemn'tae
1128 970 1182 1015 et
1213 965 1638 1028 Mahaohatitae,
1676 966 1986 1030 vocavitque
2023 962 2117 1012 illa
2155 962 2272 1013 loca

398 1056 493 1092 auo
522 1045 729 1092 nomine
754 1057 872 1092 eum
898 1040 1077 1094 Busan
1098 1058 1276 1110 pagos
1299 1043 1436 1094 Iairi
1460 1057 1625 1108 usque
1642 1044 1700 1092 in
1716 1042 1852 1092 hune
1879 1039 2037 1092 diem.
2109 1039 2268 1100 Haec,

402 1118 643 1184 inquam,
682 1117 827 1168 addit
844 1117 1121 1172 historicus
1138 1117 1204 1170 ad
1235 1118 1529 1186 explicanda
1557 1117 1707 1170 verba
1725 1117 1918 1178 mosis,
1961 1131 2090 1182 quae
2119 1115 2271 1167 modo

402 1195 643 1247 retulerat
655 1196 707 1259 ²)
720 1234 733 1257 ,
760 1209 971 1262 nempe:
1010 1200 1065 1246 et
1079 1196 1345 1265 reliquum
1367 1194 1555 1247 Gilead
1571 1199 1809 1246 ettotam
1825 1193 2004 1262 Baton
2016 1231 2031 1255 ,
2049 1207 2270 1258 regnum

402 1272 509 1337 03',
550 1271 673 1323 dedi
699 1271 952 1323 dimidiae
981 1274 1149 1323 tribui
1165 1272 1426 1324 Manassis
1433 1310 1450 1338 ,
1489 1277 1604 1323 tota
1629 1271 1929 1322 iurisdictio
1947 1271 2153 1335 Argobi
2175 1269 2270 1318 sub

400 1353 510 1400 toto
528 1349 704 1400 Busan
716 1387 729 1410 ,
762 1364 899 1414 quae
916 1355 1139 1400 vocatur
1156 1355 1303 1401 terra
1317 1352 1622 1414 gigantum.
1699 1347 1782 1400 13.
1821 1349 2076 1401 Noverunt
2094 1345 2269 1414 procul

400 1425 560 1478 dubio
577 1424 799 1477 Hebraei
820 1433 1048 1493 tempore
1069 1426 1225 1478 huius
1244 1427 1538 1493 scriptoris,
1582 1425 1796 1493 quinam
1823 1431 2001 1476 essent
2019 1425 2134 1490 pagi
2153 1422 2272 1473 lairi

401 1500 607 1554 tribulis
622 1501 875 1565 lehudae;
916 1511 967 1554 at
994 1518 1097 1555 non
1119 1503 1330 1556 nomine
1348 1502 1719 1554 iurisdictionis
1737 1500 1930 1568 Argobi
1945 1539 1960 1562 ‚
2000 1514 2094 1551 nec
2115 1507 2272 1550 terrae

399 1581 694 1645 gigantum;
734 1579 953 1645 ideoque
979 1588 1185 1632 coactus
1214 1586 1293 1630 est
1327 1579 1604 1647 explicare,
1645 1592 1899 1645 quaenam
1935 1583 2112 1628 essent
2148 1575 2272 1627 haee

398 1656 535 1720 loca,
575 1670 709 1724 quae
727 1657 1012 1722 antiquitus
1032 1657 1108 1709 sie
1127 1654 1464 1718 vocabantur,
1495 1664 1547 1708 et
1563 1656 1720 1708 simul
1740 1654 1986 1706 rationem
2007 1653 2126 1704 dare
2139 1690 2152 1713 ,
2183 1666 2274 1703 cur

399 1748 497 1784 suo
517 1740 747 1800 tempore
766 1734 975 1786 nomine
992 1734 1109 1786 lalri
1124 1774 1138 1798 ‚
1180 1734 1267 1800 qui
1299 1732 1503 1787 tribulis
1522 1733 1680 1785 Iudae
1693 1773 1707 1794 .
1747 1746 1848 1785 non
1879 1746 1993 1783 vero
2012 1728 2272 1783 Manassis

399 1817 505 1861 erat
541 1808 671 1876 (vid.
702 1810 924 1876 Paralip.
942 1824 1057 1877 ουρ.
1078 1812 1131 1866 2.
1155 1826 1208 1862 v.
1228 1811 1316 1867 21.
1340 1818 1391 1863 et
1406 1812 1554 1879 22.),
1594 1811 1978 1876 insignirentur.
2055 1809 2138 1861 14.
2177 1807 2273 1857 His

399 1886 547 1937 Aben
584 1888 779 1939 Hezrae
825 1889 1134 1940 sententiam
1171 1888 1540 1955 explicuimus,
1594 1897 1653 1939 ut
1687 1895 1738 1939 et
1772 1886 1883 1938 loca
1919 1883 2269 1945 Pentateuehi,

400 1977 533 2028 quae
567 1964 631 2015 ad
670 1964 887 2017 eandem
922 1964 1327 2018 confirmandam
1364 1964 1549 2018 adfert.
1622 1965 1814 2016 Verum
1852 1964 1990 2015 enim
2028 1975 2145 2014 vero
2180 1974 2272 2012 nee

399 2042 588 2102 omnia,
612 2054 706 2092 neo
727 2042 1000 2109 praecipua
1019 2043 1236 2105 notavit3
1277 2042 1424 2111 plura
1443 2043 1652 2094 enimin
1674 2042 1813 2093 hisee
1831 2038 1977 2092 libris
1995 2046 2047 2091 et
2065 2038 2272 2091 maioris

398 2118 648 2170 momenti
667 2117 890 2172 notanda
912 2125 1213 2186 supersunt.
1289 2120 1372 2171 ¹5.
1392 2121 1590 2185 Nempe
1605 2120 1648 2169 1.
1665 2118 1805 2183 quod
1823 2114 2006 2169 horu'm
2025 2114 2270 2168 librorum

398 2196 619 2262 scriptor
637 2194 701 2245 de
718 2197 869 2248 Mose
888 2210 992 2247 non
1014 2203 1212 2248 tantum
1231 2198 1288 2248 in
1308 2197 1452 2248 tertia
1470 2209 1689 2262 persona
1709 2194 1971 2259 loquatur,
2011 2192 2104 2245 sed
2132 2192 2273 2259 quod

398 2273 613 2339 insuper
633 2270 699 2323 de
727 2286 789 2323 eo
825 2271 986 2323 multa
1022 2279 1262 2325 testetur:
1301 2271 1538 2325 videlieet
1561 2272 1707 2323 Dens
1743 2286 1864 2323 eum
1890 2270 2034 2323 Mose
2069 2270 2274 2324 loeutus

398 2353 478 2399 eet
492 2348 548 2416 ²)
557 2367 579 2411 ,-
616 2349 762 2399 Deus
789 2350 1103 2416 loquebatur
1130 2365 1249 2400 eum
1265 2348 1409 2401 Mose
1428 2348 1656 2415 desae-ie
1675 2348 1748 2400 ad
1756 2349 1968 2415 faeiem
1985 2347 2070 2417 ⁴),·
2104 2347 2274 2401 Moses

400 2428 631 2475 omnium
655 2427 923 2478 hominum
948 2430 1070 2477 erat
1094 2426 1418 2478 humilimus
1436 2426 1623 2495 (Num.
1645 2440 1760 2493 ουρ.
1784 2425 1867 2481 12.
1889 2440 1938 2477 v.
1959 2426 2068 2492 3.);
2104 2423 2274 2476 Moses

398 2503 485 2552 ira
515 2506 699 2567 eaptus
727 2507 806 2553 est
830 2505 888 2553 in
913 2501 1071 2553 duces
1098 2506 1369 2555 exereitus
1401 2504 1588 2570 (Num.
1608 2518 1720 2570 ουρ.
1743 2502 1830 2555 31.
1850 2517 1900 2554 v.
1925 2502 2069 2570 14.);
2103 2500 2275 2553 nom

398 2580 483 2629 vir
498 2577 706 2629 divinus
735 2578 915 2645 (Dent.
937 2594 1051 2647 cap.
1074 2579 1161 2633 33.
1183 2595 1232 2632 v.
1258 2580 1366 2648 1.);
1404 2581 1575 2633 Moses
1591 2594 1772 2631 cervus
1788 2579 1896 2630 Dei
1909 2583 2148 2630 mortuus
2166 2584 2272 2641 eet,-

396 2670 663 2721 mmquam
691 2659 901 2707 exstitit
919 2658 1182 2724 propheta
1206 2660 1265 2708 in
1288 2658 1458 2710 Israel
1478 2658 1618 2709 sieut
1640 2655 1812 2708 Moses
1837 2660 1940 2707 ete.
1958 2655 2013 2722 ⁸)
2088 2656 2165 2707 16.
2204 2656 2274 2707 At

399 2740 574 2785 contra
594 2733 646 2783 in
665 2734 1066 2786 Deuteronomio
1082 2773 1096 2797 ,
1136 2733 1225 2785 ubi
1244 2735 1324 2786 lex
1336 2774 1351 2798 ,
1390 2749 1544 2800 quam
1562 2735 1739 2786 Moses
1760 2732 1954 2799 populo
1969 2732 2272 2799 explicuerat

501 2896 543 2944 1)
582 2894 769 2939 Denter.
792 2904 895 2949 ουρ.
916 2896 949 2937 3.
979 2906 1022 2939 v.
1042 2895 1109 2935 14.

500 2952 547 3003 2)
585 2952 711 2997 Vera.
733 2954 799 2997 1⁸.

500 3013 545 3060 3)
583 3010 719 3057 Num.
742 3024 841 3067 ουρ.
863 3016 902 3057 1,
922 3026 965 3058 v.
986 3017 1025 3057 1.
1064 3026 1104 3060 ο.
1124 3015 1165 3056 2.
1186 3026 1224 3057 v.
1247 3017 1287 3057 1.
1309 3013 1372 3059 al.

500 3072 546 3121 4)
582 3070 725 3115 Exod.
748 3083 787 3116 ο.
806 3073 872 3113 88.
892 3085 934 3116 v.
956 3076 1020 3115 11.

503 3130 547 3179 5)
584 3128 720 3173 Deut.
741 3141 781 3174 ο.
800 3133 867 3175 84.
886 3144 929 3177 v.
949 3134 990 3176 5.
1012 3138 1058 3177 et
1076 3135 1139 3176 10.
