2548 3485
1098 163 1236 208 car.
1290 163 1382 208 rx,
2062 152 2183 219 143

2019 357 2183 394 annos

300 417 477 470 Moses
495 415 747 484 populum
769 417 824 470 in
845 417 1064 469 desertis
1082 415 1387 483 gubernavit
1432 453 1995 472 .......
2066 421 2135 471 40

301 497 511 557 laeuae,
537 494 628 559 qui
648 502 858 546 centum
880 501 932 546 et
950 493 1128 546 decem
1145 508 1311 550 annos
1330 497 1593 557 vixit,.non
1614 495 1734 563 plus
1755 495 1999 548 tribuun-

369 577 453 621 tur
471 585 528 620 ex
546 571 753 638 Iosephi
773 579 826 622 et
843 570 1062 622 aliorum
1086 573 1340 624 sententia
1360 587 1517 638 quam
1620 609 1997 627 .....
2068 575 2135 629 26

300 649 485 699 Kusan
505 648 824 713 Rishgataim
843 649 1096 716 populum
1116 651 1169 703 in
1191 648 1387 702 ditione
1407 651 1573 702 tenuit
1622 685 1999 703 .....
2105 651 2137 701 8

301 725 514 778 Hotniel
535 723 676 776 filius
693 727 871 778 Kenaz
891 725 1138 778 iudicavit
1160 762 1995 779 ..........
2066 727 2188 792 40‘)

403 919 447 970 ’)
484 918 638 964 Rabbi
667 919 777 964 Levi
804 919 902 964 Ben
933 918 1116 965 Gerson
1145 921 1291 966 etalii
1320 921 1539 977 credunt,
1578 923 1671 966 hos
1692 922 2001 978 quadraginta
2020 934 2188 978 annon,

302 989 420 1035 quos
441 977 683 1034 Scriptura
700 980 767 1025 ait
785 980 832 1024 in
849 979 1068 1026 libertate
1090 985 1369 1039 transactos,
1390 978 1573 1026 initium
1592 988 1749 1026 tamen
1768 995 1958 1033 sumere
1976 981 2037 1028 ab
2058 981 2189 1027 obitu

302 1037 502 1092 losuae,
542 1044 684 1096 atque
713 1040 834 1086 adeo
863 1042 890 1082 8
914 1040 1246 1096 praecedentes
1276 1053 1449 1098 annos,
1486 1040 1661 1098 quihus
1688 1041 1893 1097 populus
1930 1043 1978 1086 in
2012 1041 2189 1087 ditione

300 1097 459 1142 Kusan
470 1097 762 1154 Rishgataim
783 1099 888 1155 ruit,
911 1099 1052 1143 simul
1073 1100 1489 1158 comprehendere,
1512 1108 1559 1146 et
1576 1105 1627 1144 18
1644 1107 1895 1158 sequentes
1914 1103 1974 1147 ad
1994 1113 2189 1148 censum

299 1158 352 1196 8⁰
369 1168 626 1215 annorum,
663 1159 836 1214 quibus
855 1158 990 1204 Ehud
1013 1165 1060 1204 et
1077 1159 1274 1216 Samgar
1303 1161 1647 1216 iudicaverunt,
1684 1161 2011 1218 adducendos;
2049 1168 2096 1206 et
2122 1163 2191 1208 sio

303 1215 511 1273 reliquos
530 1217 769 1263 servitutis
789 1231 937 1264 annos
954 1218 1048 1264 >sub
1067 1231 1148 1264 eos
1163 1252 1176 1275 ,
1215 1231 1335 1276 quos
1365 1219 1601 1276 Scriptura
1622 1221 1669 1264 in
1688 1220 1909 1266 libertate
1928 1227 2189 1268 transactos

301 1277 449 1321 fuisse
477 1281 700 1333 testatur,
738 1290 928 1334 semper
955 1279 1289 1340 comprehendi
1319 1281 1530 1324 credunt.
1586 1279 1675 1324 Sed
1704 1281 1815 1337 quia
1835 1281 2077 1337 >Scriptura
2104 1293 2189 1326 ex-

299 1349 486 1392 presse,
523 1341 640 1393 quot
665 1349 814 1382 annos
843 1337 1046 1382 Hebraei
1076 1340 1123 1382 in
1152 1339 1399 1394 servitute,
1440 1345 1649 1397 quotque
1676 1339 1722 1383 in
1748 1339 1969 1386 libertate
1997 1340 2189 1396 tuerint,

302 1399 546 1452 numerat,
585 1402 632 1441 et
649 1408 754 1453 cap.
771 1399 814 1440 2.
837 1410 880 1442 v.
902 1399 968 1442 18.
999 1410 1219 1455 expresse
1247 1405 1434 1454 narrat,
1476 1399 1800 1444 Hebraeorum
1830 1412 1905 1444 res
1930 1399 2191 1447 viventibus

275 1500 279 1505 ,
304 1455 539 1501 iudicibus
569 1468 759 1512 semper
785 1455 1028 1515 floruisse,
1067 1465 1262 1514 apparet
1290 1458 1507 1516 omniuo,
1544 1458 1811 1502 Rabbinum
1842 1459 1983 1506 istum
2020 1459 2190 1514 (virum

303 1514 421 1562 alias
441 1515 834 1568 eruditissimum)
855 1522 902 1562 et
919 1517 1155 1576 retiquae,
1177 1518 1256 1575 qui
1278 1517 1379 1562 eius
1398 1519 1590 1574 vestigia
1610 1525 1900 1576 sequuntur,
1920 1519 2031 1563 dum
2052 1519 2190 1564 simi-

301 1573 372 1623 les
393 1575 541 1620 nodos
560 1574 742 1620 solvere
763 1577 978 1632 student,
1007 1578 1296 1634 scripturam
1317 1578 1465 1633 magis
1486 1579 1745 1635 corrigere,
1763 1589 1911 1634 quam
1930 1577 2189 1636 explica-reg

301 1635 427 1692 quod
447 1636 479 1679 ii
499 1635 642 1681 etiam
663 1635 843 1681 iaciunt
853 1636 990 1690 (Gall.
1013 1650 1176 1683 erreur
1194 1637 1256 1682 oin
1278 1637 1491 1682 tombent
1510 1651 1697 1695 encore,
1719 1639 1837 1683 mais
1858 1637 1963 1694 plus
1978 1639 2191 1696 grossis·

303 1696 534 1751 rement),
573 1695 654 1752 qui
681 1700 920 1753 statuunt,
957 1696 1246 1754 scripturam
1276 1696 1323 1740 in
1350 1696 1430 1742 iila
1452 1695 1695 1742 communi
1709 1711 1939 1745 annorum
1959 1704 2190 1755 supputa-

305 1758 432 1802 tione
451 1767 546 1799 non
564 1755 655 1801 nisi
675 1755 870 1811 politiae
889 1758 1110 1807 Iudaicae
1131 1765 1343 1815 tempora
1365 1758 1571 1803 indicare
1589 1758 1793 1804 voluisse
1806 1790 1819 1813 ,
1858 1759 2189 1805 anarchiarum

301 1822 458 1862 autem
478 1814 618 1867 (Gall.
641 1816 747 1861 add.
767 1815 826 1862 ils
845 1816 914 1862 les
935 1806 1172 1874 appellent
1188 1818 1306 1863 ainsi
1338 1828 1397 1861 en
1425 1816 1563 1863 haine
1590 1819 1648 1863 de
1676 1818 1705 1863 1·
1727 1820 1825 1864 etat
1851 1819 2114 1875 populaire)
2144 1828 2189 1865 et

300 1876 604 1931 servitutum,
641 1880 802 1932 utpote
839 1876 1042 1921 infausta
1071 1884 1117 1921 et
1152 1877 1283 1933 regni
1310 1876 1452 1921 veluti
1482 1878 1756 1936 interstitia,
1795 1878 1852 1923 ad
1890 1890 2189 1923 communem

303 1948 534 1981 annorum
563 1946 756 1981 censum
777 1934 1010 1981 adducere
1041 1946 1134 1981 non
1153 1938 1379 1993 potuisse.
1431 1937 1555 1981 'Nam
1576 1936 1814 1994 Scriptura
1834 1938 2025 1995 quidem
2046 1950 2188 1983 anar-

301 1998 436 2041 chiae
455 2002 668 2051 tempora
687 1995 873 2041 silentio
893 1996 1175 2053 praeterire,
1215 2002 1264 2041 at
1281 1995 1517 2041 servitutis
1537 2008 1630 2041 non
1650 1998 1805 2042 minus
1818 2029 1831 2052 ,
1869 2009 2011 2054 quam
2040 1998 2191 2043 liber-

301 2057 410 2101 tatis
427 2066 578 2100 annos
597 2055 782 2101 tradere
795 2088 808 2110 ,
837 2068 924 2101 nec
944 2056 1194 2101 annalibus
1215 2058 1287 2108 (ut
1306 2056 1559 2109 somniant)
1581 2068 1844 2113 expungere
1862 2056 1997 2102 solet.
2053 2056 2189 2115 Quod

301 2123 460 2161 autem
481 2110 824 2171 llgesra‘fflall.
853 2116 988 2161 add.:
1019 2116 1099 2172 qui
1117 2121 1192 2159 est
1217 2115 1457 2161 l’ecrivain
1486 2117 1544 2161 de
1564 2128 1641 2161 ces
1662 2116 1800 2161 livres
1820 2116 1937 2161 ainsi
1960 2128 2053 2175 que
2070 2130 2189 2164 nous

300 2176 482 2221 l'avons
509 2174 597 2219 fait
623 2174 740 2225 voir)
778 2174 886 2219 libr.
907 2178 947 2220 t.
977 2178 1101 2232 (cap.
1121 2174 1163 2219 6.
1193 2188 1236 2219 v.
1257 2178 1321 2228 1.)
1352 2188 1516 2221 omnes
1545 2176 1762 2221 absoiute
1789 2186 1935 2221 annos
1965 2176 2026 2221 ab
2064 2177 2189 2221 exitu

302 2236 493 2291 Aegypti
519 2236 759 2279 communi
790 2234 870 2280 illo
899 2246 1131 2281 annorum
1169 2233 1341 2287 (Gall.:
1374 2237 1534 2293 jusqu’
1556 2238 1583 2281 a
1603 2236 1648 2280 la
1678 2236 1939 2293 quati-ieme
1958 2236 2107 2281 annee
2127 2237 2190 2282 du

303 2307 443 2350 regne
481 2295 538 2338 de
567 2294 817 2346 Salomon)
850 2295 1251 2352 comprehendere
1280 2295 1505 2351 voluerit,
1544 2296 1659 2339 adeo
1698 2296 1949 2341 manifesta
1984 2308 2060 2341 res
2098 2303 2187 2351 est,

303 2363 354 2399 ut
378 2366 518 2399 nemo
551 2353 818 2411 scripturae
848 2357 1028 2411 peritus
1064 2366 1272 2411 unquam
1312 2356 1369 2401 de
1408 2368 1465 2401 ea
1500 2355 1777 2409 ambegerit.
1830 2356 1977 2413 Nam,
2014 2358 2189 2402 utiam

303 2414 1182 2530 ttiss⁵etef²z¹⁵ssss:ffi,·,⁰¹3⁵‘martit
1201 2414 1950 2523 ⁰53⁵ffiettffl¹23231232232
1969 2414 2188 2534 ξ”.ἒέἷξὲξ

303 2534 478 2589 patitur
515 2530 664 2585 (Gall.
706 2536 814 2579 add.
853 2537 880 2581 a
917 2534 1074 2581 savoir
1109 2536 1140 2579 a
1173 2536 1295 2587 48⁰).
1348 2536 1470 2580 Nam
1488 2534 1709 2591 Naghson
1736 2548 1859 2581 anno
1883 2539 1925 2581 2.
1965 2538 2027 2583 ab
2064 2538 2189 2583 exitu

301 2592 492 2651 Aegypti
512 2593 730 2649 princeps
753 2595 902 2641 tribus
924 2596 1070 2639 Iudae
1089 2600 1189 2641 erat
1205 2595 1317 2647 (vid.
1340 2595 1477 2639 Num.
1498 2598 1594 2639 ca.
1617 2598 1887 2649 v.11.et1²·.)
1908 2597 2119 2655 adeoque
2140 2598 2189 2642 in

303 2654 488 2698 deserto
519 2652 641 2697 obiit⁴
665 2652 808 2705 (Gall.
830 2656 966 2704 add.;
1004 2666 1118 2700 avec
1147 2660 1250 2699 tous
1270 2666 1389 2699 ceux
1408 2656 1486 2712 qui
1507 2661 1647 2710 ayant
1664 2657 1830 2701 atteint
1847 2655 1968 2712 Pago
1986 2657 2044 2702 de
2062 2658 2189 2713 vingt

304 2726 388 2757 ans
417 2713 597 2759 etaient
621 2714 846 2769 capables
875 2714 934 2760 de
963 2720 1134 2773 porter-
1156 2712 1225 2759 les
1263 2720 1463 2771 armes);
1503 2721 1551 2759 et
1586 2713 1709 2760 iilius
1746 2716 1846 2761 eius
1884 2715 2040 2761 Salma
2078 2728 2187 2761 cum

303 2773 445 2818 Iosua
465 2772 719 2819 Iordanem
739 2775 936 2820 transiit.
991 2775 1050 2819 At
1077 2773 1117 2819 is
1138 2773 1329 2819 Salmon
1353 2776 1611 2821 secundum
1641 2774 1769 2821 illam
1796 2775 1985 2821 navidis
2012 2786 2186 2831 genea-

302 2832 478 2889 logiam
497 2832 688 2878 navidis
707 2840 872 2882 atavus
891 2834 998 2881 suit.
1019 2831 1187 2886 (Gall-t
1207 2834 1325 2883 ainsi
1346 2834 1378 2879 il
1396 2837 1441 2879 n’
1452 2842 1525 2881 est
1540 2848 1625 2891 pas
1638 2834 1909 2881 necessaire
1929 2834 1989 2878 de
2006 2834 2186 2882 reindre

304 2905 396 2949 que
414 2904 470 2939 ce
489 2891 680 2939 Shalma
702 2890 774 2939 tut
791 2894 854 2939 du
872 2893 1025 2941 moins
1043 2892 1133 2949 age
1149 2894 1210 2939 de
1226 2895 1691 2952 quatre-vingbome
1717 2906 1801 2939 ans
1813 2926 1827 2949 ,
1863 2892 2078 2951 lorsqn'il
2099 2908 2185 2941 en-

333 2953 478 2999 endra
505 2952 718 3009 Bohgas,
759 2960 806 2999 et
829 2966 924 3011 que
951 2952 1146 3001 celui-ci
1175 2967 1233 3001 en
1261 2952 1343 3001 eut
1368 2960 1533 3000 autaut
1549 2956 1577 2999 ἡ
1596 2954 1643 2999 la
1660 2953 1905 2999 naissance
1922 2952 1983 2998 de
2000 2954 2183 3010 David.)

339 3013 352 3057 i
381 3013 444 3059 ab
471 3014 564 3059 hoc
585 3014 666 3055 480
691 3025 922 3059 annorum
949 3026 1137 3060 summa
1155 3019 1182 3059 4
1201 3015 1331 3071 regni
1348 3013 1613 3059 Salomonis
1642 3018 1687 3057 et
1712 3015 1765 3055 ‘20
1790 3012 1917 3057 vitae
1930 3014 2117 3060 navidis
2138 3023 2185 3061 et

304 3074 382 3128 4⁰,
402 3073 484 3130 qui
505 3074 552 3117 in
573 3074 770 3122 desertis
789 3074 1014 3122 transacti
1033 3081 1166 3129 sunt,
1185 3076 1478 3129 auferantur,
1501 3074 1759 3129 reperietur
1778 3073 2001 3121 Davidem
2018 3081 2181 3119 natum

309 3132 455 3180 tuisse
473 3146 598 3183 anno
615 3135 710 3179 366.
731 3148 758 3183 a
779 3136 977 3186 transitu
996 3136 1238 3196 Iordanis;
1276 3141 1417 3195 atque
1434 3134 1554 3181 adeo
1574 3144 1767 3179 necesse
1786 3145 1915 3193 esse,
1950 3140 2007 3180 {t
2030 3135 2179 3191 ipsius
