2548 3485
392 188 517 251 35⁰
752 190 1217 239 summumne
1252 176 1541 237 meum
1579 184 1914 235 usnemun

894 371 1277 423 Annotah'ones
1313 368 1387 419 ad
1417 369 1759 436 infinitivum.

496 465 547 517 7.
584 465 857 517 Formulae
892 470 1035 554 ἾΡΕ
1074 464 1332 529 eleganter
1366 466 1414 526 Π
1449 462 1810 528 paragogicum
1847 461 2072 525 additur,
2117 462 2284 530 fitque

390 553 605 653 Πᾙξξ,
664 558 715 603 et
748 564 867 602 cum
904 532 1119 601 accentu
1155 548 1376 600 athnaeh
1413 549 1489 599 vel
1527 547 1702 601 silukb
1737 551 1938 642 'rw-iffi&-
1956 549 2286 615 ,frequenter

392 626 635 701 vistim-e,
657 636 905 689 mutando
924 635 1125 688 scilicet
1142 634 1326 687 scheva
1344 635 1399 685 in
1419 640 1576 686 tsere.
1809 615 1832 638 τ

494 722 547 773 8.
577 722 715 775 Huic
730 728 990 790 praeterea
1000 720 1372 774 infinitivorum
1381 721 1557 786 generi
1571 719 1862 788 emphatice
1879 723 1928 782 η
1945 718 2288 772 indicativum

388 809 742 876 praeponitur,
766 815 823 859 ut
844 812 1075 896 pff'mpi
1096 812 1249 869 *mm
1269 810 1506 898 '’neplm
1531 810 1583 856 et
1602 804 1738 857 illud
1752 804 2122 871 effligere,
2142 808 2294 873 quod

389 893 833 960 mffumigabant;
863 908 922 948 eu
940 896 1028 948 bat
1046 892 1287 963 gebuutig
1309 882 1595 948 lemovica.
1643 891 1732 943 Sic
1753 893 1943 973 'ffilfflffl
1965 888 2101 941 illud
2117 892 2288 957 loqui,

390 981 478 1035 bat
496 978 622 1049 hung
644 978 876 1045 interient,
899 982 986 1033 bat
1005 978 1219 1035 tuefeleu
1238 976 1320 1047 gat
1337 981 1529 1049 gebenn
1549 986 1660 1047 gau.
1731 977 1951 1028 Inservit
1968 977 2122 1043 igitur
2138 978 2289 1029 istud

393 1070 440 1129 Π
482 1079 585 1116 non
614 1072 719 1116 tam
746 1065 808 1116 ad
840 1065 1093 1117 actionem
1121 1064 1481 1125 indicandam,
1521 1078 1676 1130 quam
1705 1062 1771 1114 ad
1799 1060 2019 1115 eandem
2047 1076 2166 1113 cum
2195 1065 2289 1114 in-

393 1150 711 1216 dignatione,
735 1150 1139 1217 exprobratione,
1164 1152 1428 1202 aversione
1447 1149 1524 1201 vel
1545 1150 1644 1202 allo
1665 1146 1852 1200 affectu
1873 1149 2284 1215 exprimendam,

392 1244 445 1287 et
471 1236 566 1289 bac
594 1236 658 1288 de
684 1250 839 1288 causa
876 1236 1059 1299 credo,
1098 1235 1196 1288 boe
1232 1240 1281 1300 ,Ἶ
1318 1235 1654 1287 indicativum
1691 1248 1796 1285 non
1834 1232 1937 1285 nisi
1972 1232 2091 1285 huie
2127 1234 2289 1287 verbo

396 1322 701 1387 dageschato
724 1322 991 1390 praeponi.

496 1408 549 1459 9.
586 1407 787 1461 Deinde
806 1410 854 1460 si
875 1403 1050 1460 media
1068 1405 1308 1460 radicalis
1327 1405 1485 1459 fuerit
1505 1411 1570 1469 Ἶ,
1599 1419 1734 1472 quae
1752 1404 2056 1471 dageschari
2075 1408 2284 1473 nequit,

395 1503 508 1547 tum
544 1494 742 1563 syllaba
786 1495 927 1561 prior
962 1493 1131 1547 brevis
1166 1494 1221 1545 in
1256 1493 1462 1558 longam
1499 1498 1752 1555 mutatur,
1801 1504 1989 1557 nempe
2067 1492 2118 1542 in
2183 1530 2196 1553 ,
2238 1501 2294 1546 et

393 1580 609 1648 ghirekb
628 1581 681 1631 in
702 1587 857 1642 tsere‚
886 1586 947 1630 ut
963 1584 1099 1669 τιᾛ
1120 1579 1234 1631 loco
1252 1583 1409 1667 3³23,
1432 1584 1486 1630 et
1503 1582 1639 1667 τῆς
1663 1578 1780 1630 loco
1801 1578 1935 1666 ἾἾΞ
1958 1558 2290 1633 ὂοῖιοαίἷενο.

394 1666 515 1719 vid.
535 1668 693 1720 Num.
712 1666 801 1729 23,
824 1666 911 1717 25.
932 1667 981 1729 ¹)

501 1744 586 1795 10.
626 1744 698 1796 At
722 1741 957 1810 plerique
976 1738 1296 1808 grammatici
1315 1746 1501 1808 putant
1518 1749 1772 1807 punctum
1793 1740 2016 1814 dagesch
2037 1756 2129 1809 per
2147 1741 2292 1810 gho-

397 1830 500 1882 lem
531 1828 792 1895 suppleri,
832 1829 941 1880 sive
967 1825 1139 1879 media
1163 1825 1404 1880 radicalis
1433 1827 1504 1880 sit
1528 1830 1571 1889 Ἶ
1587 1865 1602 1892 ,
1642 1829 1752 1883 sive
1779 1830 1877 1883 alia
1904 1845 2288 1898 quaecumque,

397 1929 528 1981 quae
566 1911 863 1978 dageschari
901 1913 1029 1965 alias
1066 1913 1218 1966 solet.
1294 1913 1396 1965 Sed
1434 1911 1702 1967 falluntur.
1775 1918 1922 1982 Quae
1951 1917 2090 1970 enim
2127 1917 2292 1969 buius

396 1990 771 2056 coniugationis
809 1990 1013 2056 gbolem
1048 1997 1099 2042 et
1134 1996 1270 2043 tsere
1307 1989 1528 2052 babent,
1567 1993 1820 2045 intensiva
1857 2009 1961 2046 non
1997 2000 2144 2055 sunt3
2184 1994 2283 2044 sed

395 2069 673 2137 simplicia,
687 2081 907 2134 quorum
927 2067 1231 2131 infinitivus,
1255 2068 1434 2119 utiam
1454 2067 1679 2120 diximus
1695 2070 1767 2135 ²),
1791 2073 2051 2138 participii
2069 2070 2294 2123 formam

396 2145 587 2197 habere
616 2144 767 2207 solet,
798 2145 1055 2197 sumendo
1082 2145 1281 2199 scilicet
1309 2145 1636 2212 participium
1664 2145 1866 2214 absque
1894 2147 2002 2200 ulla
2027 2147 2093 2200 ad
2122 2162 2292 2214 genus

397 2230 664 2283 relatione.
719 2229 802 2282 11.
842 2231 972 2282 Nam
992 2227 1099 2310 027
1126 2231 1386 2282 detestari
1409 2230 1629 2296 simplex
1648 2240 1727 2285 est
1744 2232 1976 2298 verbum,
1993 2233 2146 2284 cuius
2163 2231 2293 2284 inli-

396 2318 589 2369 nitivus
612 2323 691 2367 est
707 2317 880 2382 ipsum
902 2317 1231 2384 participium
1253 2315 1456 2382 absque
1476 2315 1802 2371 substantivo
1819 2317 2109 2387 sumptum,
2132 2326 2292 2385 atque

397 2401 520 2454 huic
555 2401 729 2453 addito
766 2407 815 2466 Π
852 2403 1157 2470 paragogico
1196 2403 1252 2453 fit
1288 2397 1482 2491 57122'5,
1535 2401 1674 2468 quod
1713 2405 1867 2456 etiam
1903 2419 1998 2473 pro
2033 2402 2292 2456 infinitivo

399 2511 707 2572 usurpatur,
742 2506 880 2557 sicut
904 2502 1155 2557 infinitiva
1184 2501 1371 2570 *mmm
1403 2481 1708 2567 dham-vare,
1748 2513 1800 2557 et
1825 2510 1965 2572 *15:¹5
2000 2505 2288 2570 custodire,

398 2590 465 2642 de
494 2589 689 2656 quibus
725 2592 779 2640 in
810 2590 1024 2655 syntaxi.
1100 2591 1184 2643 12.
1220 2571 1396 2656 Atqfie
1429 2589 1512 2641 bic
1549 2605 1786 2656 expresse
1813 2575 1999 2668 loqno‘r
2025 2593 2088 2645 de
2116 2591 2288 2645 verbis

396 2667 556 2719 huius
584 2665 985 2732 coniugationis.
1058 2667 1187 2720 Nam
1216 2665 1490 2719 verborum
1513 2669 1910 2734 coniugationis,
1939 2685 2072 2736 quae
2092 2669 2292 2721 seilicet

400 2753 623 2805 mediam
660 2752 933 2804 radicalem
968 2766 1066 2802 vau
1102 2752 1181 2803 vel
1217 2752 1304 2804 iod
1339 2751 1557 2816 babent,
1600 2760 1660 2804 ut
1690 2760 1775 2838 p:
1805 2757 2134 2821 intelligere,
2165 2761 2288 2836 Dap

397 2853 637 2904 surgere,
669 2839 920 2889 intensiva
938 2851 1043 2889 non
1063 2837 1462 2904 dagescbantur,
1497 2839 1616 2904 quia
1647 2841 1851 2892 tertiam
1870 2841 2144 2893 radicalem
2176 2841 2290 2892 loco

399 2923 659 2975 secundae
686 2923 966 2991 duplicant,
1006 2922 1167 2990 fitque
1205 2926 1323 3016 3252
1355 2939 1414 2975 ex
1451 2929 1561 3012 1³2!
1591 2932 1643 2977 et
1670 2928 1846 3016 0225?
1882 2941 1940 2978 ex
1969 2931 2112 3020 ΟΨ.
2183 2925 2288 2981 Sed

507 3105 547 3152 ¹)
576 3103 707 3149 Cous.
729 3114 973 3162 praeterea
992 3110 1131 3156 Num.
1151 3111 1221 3168 23,
1242 3113 1310 3154 ¹2.
1328 3111 1396 3154 20.
1413 3109 1482 3168 24,
1505 3111 1568 3155 1⁰.

502 3161 550 3213 2)
584 3162 683 3208 Vid.
704 3177 806 3223 cap.
826 3169 891 3210 14.
918 3171 961 3222 ς.
983 3171 1025 3214 7.
