2548 3485
1209 98 1347 144 cal».
1400 95 1485 144 w.
2204 94 2285 154 99

402 283 674 332 narrantur
703 283 753 328 et
779 291 912 342 qnae
941 276 1093 328 etiam
1123 275 1279 329 realia
1300 289 1421 328 esse
1436 273 1796 340 credebantur,
1839 289 1972 342 quae
1989 282 2161 330 tamen
2178 289 2284 330 non

403 357 505 409 nisi
536 355 1033 421 repraesentationes
1061 367 1250 419 resque
1278 354 1612 420 imaginariae
1632 351 1867 412 fuerunt3
1908 361 1965 404 ut
1982 355 2121 419 quod
2139 356 2285 406 Deus

403 439 694 498 (summum
715 431 838 500 ens)
871 446 898 482 e
931 431 1071 482 coelo
1101 431 1425 482 descenderit
1453 431 1594 498 (vide
1612 430 1775 482 Exodi
1794 445 1908 497 cap.
1936 432 2017 482 19.
2042 445 2173 482 vers·
2200 431 2285 484 18.

401 518 452 562 et
468 511 624 562 Dent.
650 524 764 576 cap.
789 511 837 560 5.
862 509 1122 572 vers-22.)
1137 547 1148 568 ‚
1184 514 1234 559 et
1252 507 1393 574 quod
1414 520 1565 560 mons
1584 509 1726 560 Sinai
1746 516 2013 574 propterea
2032 507 2283 570 fumabat,

403 590 524 653 quia
551 589 696 640 Deus
725 600 884 652 supra
916 585 1140 639 eundem
1177 585 1539 648 descenderat,
1576 587 1695 651 igne
1731 585 2105 648 circumdatum
2146 585 2287 651 quod

401 663 540 716 Elias
569 663 636 714 ad
665 664 868 717 coelum
897 664 1228 729 igneocurru
1257 670 1309 713 et
1328 664 1494 728 igneis
1515 665 1666 729 equis
1686 663 1974 726 ascenderit
1986 663 2063 730 *).
2138 663 2288 728 Quae

352 807 357 813 1
401 757 526 804 sane
547 743 718 793 omnia
737 756 844 793 non
867 742 966 793 nisi
989 742 1487 808 repraesentationes
1510 740 1747 804 fuerunt,
1786 740 2055 806 adaptatae
2082 741 2287 807 opinio-

402 818 558 871 nibus
587 833 798 878 eorum,
838 819 928 884 qui
959 832 1046 868 eas
1079 817 1258 877 nobiti,
1302 824 1359 866 ut
1389 818 1453 866 iis
1483 824 1891 884 repraesentatae
1910 824 2059 880 sunt,
2100 831 2289 884 nempe

401 904 460 948 ut
477 910 560 960 res
579 895 804 946 actuales
826 893 1164 968 tradiderunt.
1239 896 1323 946 58.
1364 894 1561 947 Omnes
1582 895 1717 946 enim
1731 933 1744 956 ,
1786 895 1877 962 qui
1902 894 2288 960 aliquantulum

401 987 555 1038 supra
578 971 787 1037 vulgum
809 973 1037 1038 sapiunt,
1077 973 1265 1033 sciunt,
1308 973 1476 1022 Deum
1500 987 1605 1022 non
1626 970 1813 1024 habere
1833 970 2075 1035 dextram,
2117 986 2287 1039 neque

401 1052 694 1110 sinistram,
734 1063 906 1114 neque
938 1047 1158 1108 moveri,
1199 1062 1371 1114 neque
1401 1049 1695 1114 quiescere,
1736 1063 1903 1114 neque
1933 1047 2154 1112 inleso,
2193 1049 2287 1100 sed

401 1127 634 1182 absolute
667 1125 926 1180 infinitum
954 1139 1100 1186 esse;
1141 1131 1192 1178 et
1224 1125 1281 1176 in
1316 1139 1378 1176 eo
1416 1141 1597 1178 omnes
1634 1127 1883 1178 contineri
1921 1125 2285 1192 perfectiones.

401 1207 570 1267 Haec,
608 1205 850 1268 inquam,
892 1204 926 1254 ii
961 1204 1162 1265 sciunt,
1205 1204 1300 1268 qui
1332 1217 1416 1254 res
1450 1219 1509 1254 ex
1542 1203 1961 1269 perceptionibus
1988 1204 2105 1270 puri
2134 1203 2289 1254 intel-

404 1282 566 1335 lectus
585 1281 816 1332 iudicant
829 1319 844 1342 ,
886 1287 936 1331 et
955 1294 1058 1331 non
1081 1287 1233 1345 prout
1263 1281 1557 1346 imaginatio
1575 1295 1605 1330 a
1626 1280 1871 1335 sensibus
1890 1281 2111 1335 externis
2124 1279 2290 1332 affici-

405 1369 510 1422 tur,
551 1368 611 1410 nt
647 1359 832 1424 vulgus
859 1357 1016 1420 solet,
1059 1356 1200 1423 quod
1227 1357 1346 1408 ideo
1379 1359 1546 1408 Deum
1586 1371 1888 1424 corporeum
1926 1365 1976 1408 et
2012 1359 2287 1424 imperium

403 1437 598 1502 regium
639 1443 897 1486 tenentem
935 1435 1270 1502 imaginatur,
1304 1436 1453 1486 cuius
1490 1435 1683 1486 solium
1718 1436 1771 1484 in
1813 1435 2121 1485 convexitate
2159 1436 2289 1487 coeli

402 1529 557 1582 snpra
578 1512 753 1566 stellas
772 1525 890 1564 esse
909 1510 1082 1576 fingit,
1123 1525 1341 1576 quarum
1362 1526 1391 1562 a
1412 1521 1545 1564 terra
1564 1511 1861 1564 distantiam
1879 1525 1983 1574 non
2004 1511 2287 1562 admodum

399 1592 604 1658 longam
626 1589 790 1643 credit
810 1603 946 1641 esse.
1017 1588 1086 1640 Et
1106 1587 1188 1640 his
1207 1596 1258 1640 et
1273 1588 1541 1643 similibus
1562 1589 1897 1656 opinionibus
1916 1589 2017 1654 (uti
2038 1588 2287 1651 diximus)

399 1669 706 1736 perplurimi
737 1667 1030 1734 Scripturas
1059 1679 1212 1718 casus
1242 1665 1471 1732 adaptati
1502 1675 1655 1727 sunt,
1696 1667 1787 1733 qui
1814 1667 2031 1732 preinde
2059 1681 2162 1718 non
2192 1666 2291 1717 de-

400 1746 526 1800 bent
549 1754 612 1797 ut
635 1744 802 1799 reales
829 1760 856 1796 a
887 1742 1208 1811 pbilosophis
1227 1745 1409 1810 accipi.
1484 1747 1570 1797 59.
1606 1746 1782 1797 Refert
1800 1744 2023 1810 denique
2044 1744 2109 1796 ad
2131 1744 2291 1797 mira-

401 1824 544 1887 cula,
576 1830 632 1875 ut
652 1822 856 1875 realiter
875 1822 1208 1887 contigerint,
1241 1822 1665 1887 intelligendum,
1696 1821 2053 1875 Hebraeorum
2073 1822 2289 1889 phrases

368 1909 452 1951 —et
488 1908 662 1965 tropos
697 1900 857 1959 seim
897 1900 988 1964 qni
1025 1898 1166 1951 enim
1205 1898 1270 1951 ad
1308 1900 1452 1965 ipsos
1488 1914 1591 1951 non
1627 1900 1751 1951 satis
1787 1900 2085 1961 attenderit,
2126 1898 2289 1951 multa

401 1979 698 2043 scriptun-ne
716 1975 922 2043 affinget
941 1974 1188 2029 miracula
1201 2014 1216 2039 ‚
1266 1990 1401 2041 quae
1418 1978 1531 2028 eius
1554 1978 1829 2043 scriptores
1849 1991 2117 2042 nunquam
2136 1990 2291 2027 enar-

399 2069 513 2107 rare
541 2055 920 2119 cogitaverunt,
961 2053 1196 2119 adeoque
1225 2067 1331 2103 non
1362 2060 1607 2121 tanquam
1639 2067 1721 2105 res
1748 2060 1799 2103 et
1824 2053 2097 2116 miracula,
2136 2061 2293 2120 prout

400 2146 570 2185 revera
601 2132 934 2197 contigerint,
975 2132 1068 2183 sed
1099 2137 1331 2184 mentem
1357 2132 1513 2183 etiarn
1540 2138 1807 2181 anctorum
1836 2144 2099 2181 sacrorum
2136 2130 2289 2181 codi-

401 2223 520 2261 cum
554 2208 707 2275 plane
746 2206 1020 2271 ignorabitt
1093 2209 1180 2261 60.
1218 2207 1285 2259 Ε.
1313 2221 1365 2273 g.
1404 2207 1679 2261 Zacharias
1715 2209 1941 2273 cap014.
1977 2207 2186 2259 vers-7.
2224 2208 2295 2260 de

400 2302 626 2369 quodam
664 2300 802 2353 bello
839 2300 1012 2351 tuturo
1048 2300 1274 2367 loquens
1308 2304 1407 2353 ait.
1462 2306 1598 2392 31ῆηῖ
1640 2305 1789 2365 &qn
1804 2304 2091 2395 nug-053
2136 2306 2285 2365 riv-15

401 2417 721 2506 aia-uriz
797 2388 1114 2503 :wi-tyb,
1191 2415 1340 2505 Πζζη
1411 2371 1731 2505 -ιξζςὴώῃ
1800 2369 2031 2479 mil-⁸5
2101 2372 2287 2504 -ῃῆἷς

399 2508 511 2559 dies
538 2512 647 2558 erit
669 2495 884 2571 unicus,
924 2506 1040 2557 Deo
1068 2510 1274 2557 tantum
1300 2512 1485 2570 κοίταις
1522 2524 1626 2559 mm
1650 2508 1814 2576 (enim
1847 2508 1966 2577 erit)
1994 2508 2106 2559 dies
2122 2524 2290 2575 neque
2380 2506 2389 2559 Ϊ
2424 2499 2426 2501 ’

398 2600 533 2647 nox,
569 2590 802 2651 tempore
819 2590 999 2635 autem
1019 2600 1203 2650 vesper·
1205 2586 1316 2635 tino
1338 2584 1435 2635 lux
1454 2587 1575 2635 erit.
1630 2582 1837 2656 Quibus
1855 2584 2022 2636 verbis
2044 2598 2287 2649 magnum

399 2662 707 2713 miraculum
737 2661 1030 2728 praedicere
1058 2660 1285 2723 videtur,
1327 2669 1377 2713 et
1402 2669 1573 2713 tamen
1603 2662 1667 2713 iis
1696 2652 1822 2713 niliil
1844 2662 1983 2713 aliud
2004 2660 2289 2727 significare

398 2739 534 2801 vult,
577 2752 730 2804 quam
763 2740 903 2805 quod
936 2738 1136 2790 bellum
1155 2746 1260 2790 toto
1282 2738 1363 2790 die
1385 2741 1478 2790 erit
1497 2754 1687 2805 anceps
1707 2741 1926 2806 eiusque
1946 2744 2159 2789 eventus
2178 2740 2287 2789 Deo

400 2823 600 2867 tantum
635 2822 823 2878 notus,
863 2823 914 2867 et
941 2816 1080 2882 quod
1112 2825 1342 2884 tempore
1368 2817 1661 2883 vespertino
1698 2819 1960 2867 victoriam
1989 2815 2288 2881 adipiscen-

399 2902 509 2953 tnr;
552 2892 815 2945 similibus
843 2894 982 2945 enim
1010 2894 1289 2961 phrasibus
1319 2895 1554 2946 victorias
1582 2901 1633 2946 et
1654 2892 1826 2946 clades
1846 2894 2113 2944 nationum
2139 2906 2289 2959 prae-

503 3069 549 3123 ⁰)
583 3069 684 3115 vid.
704 3072 732 3111 2
747 3070 858 3131 Reg.
877 3075 920 3123 2,
938 3076 1003 3115 11.
1789 3138 1861 3189 ⁷*
