2548 3485
1114 183 1254 232 car.
1309 175 1372 231 x.
2065 170 2182 240 iot

308 363 470 432 Cyrus
498 363 735 416 omnium
764 364 967 431 primus
994 363 1201 416 ludaeis
1219 365 1419 417 veniam
1440 361 1651 428 largitus
1671 367 1754 414 est
1771 361 2022 428 templum
2041 372 2188 414 reae-

308 441 580 504 dificandi,
620 447 673 492 et
704 441 771 493 ab
806 455 868 493 eo
905 448 1134 508 tempore
1170 455 1340 508 nsque
1365 439 1431 492 ad
1459 441 1699 503 Darium,
1740 439 2003 491 decimum
2029 453 2188 506 quar-

310 525 421 569 tum
457 526 512 570 et
544 519 789 571 ultimum
818 521 1091 571 Persarum
1129 531 1329 584 regem,
1372 518 1504 568 ultra
1539 516 1642 570 23⁰
1672 517 1794 568 anui
1831 524 2185 568 numerantur.

310 597 397 649 28.
452 596 623 659 Quare
658 608 764 648 non
802 595 1013 659 dubito,
1070 595 1196 662 quin
1240 595 1294 646 Ιιί
1330 593 1446 646 libri
1483 594 1684 646 dudum
1719 600 1994 660 postquam
2030 593 2189 646 ludas

310 671 657 725 Machabaeus
681 672 855 740 templi
876 674 1070 724 cultum
1092 672 1422 735 restauravit,
1446 673 1624 739 scripti
1643 671 1860 733 fuerint,
1892 670 2048 736 idque
2068 672 2188 736 qula

310 755 419 804 tum
448 751 695 816 temporis
724 750 841 802 falsi
869 749 1129 813 Danielis,
1169 749 1368 801 Hezrae
1393 756 1445 800 et
1470 749 1664 800 Esteris
1702 747 1818 800 libri
1850 747 2135 800 edebantur
2160 762 2188 799 a

308 826 573 878 malevolis
598 825 918 894 quibusdam
934 866 949 890 ‚
990 827 1079 893 qul
1107 827 1221 878 sine
1241 825 1402 879 dublo
1421 832 1592 878 sectae
1611 827 1994 880 Zaducaeorum
2016 830 2185 885 erant:

308 916 426 953 nam
446 902 705 956 Pharitaei
726 917 994 970 nunquam
1014 905 1129 955 illos
1148 902 1338 967 libros,
1363 902 1501 969 quod
1519 905 1678 955 seiam
1696 941 1709 966 ,
1732 908 2050 969 receperunt.
2123 901 2192 952 Et

306 980 539 1045 quamvls
567 981 621 1032 in
652 979 811 1047 libro,
852 980 945 1047 qul
974 981 1169 1032 Retrae
1196 988 1412 1046 quartus
1445 981 1658 1042 dieitur,
1698 980 1901 1033 fabulae
1936 979 2188 1046 quaedam

304 1057 649 1123 reperiantur,
673 1071 805 1124 quas
824 1060 975 1109 etlam
994 1058 1047 1108 in
1066 1057 1320 1110 Talmude
1338 1057 1578 1123 legimu8‚
1604 1071 1706 1108 non
1727 1063 1900 1110 tamen
1918 1057 2034 1109 ideo
2051 1055 2191 1108 Pha·-

306 1133 488 1185 risaeis
508 1141 633 1186 suut
650 1133 932 1186 tribuendi.
1003 1137 1151 1196 Nam,
1190 1135 1235 1186 si
1254 1133 1645 1201 stupidissimos
1665 1135 1862 1198 demas,
1901 1133 2077 1187 nullus
2095 1147 2190 1186 eo—

306 1225 423 1261 rum
442 1218 547 1273 est,
588 1214 802 1277 quinon
822 1211 1021 1273 credat,
1057 1212 1173 1263 illas
1193 1209 1396 1262 fabulas
1416 1211 1480 1263 ab
1500 1210 1676 1276 aliquo
1696 1219 1944 1278 nugatore
1962 1212 2188 1264 adiectas

306 1285 499 1350 fuisse3
539 1289 678 1354 quod
708 1290 861 1340 etlam
892 1289 1047 1340 eredo
1081 1288 1288 1354 aliquos
1325 1289 1540 1350 fecisse,
1581 1295 1640 1339 ut
1675 1303 1853 1341 eorum
1889 1289 2190 1340 traditiones

306 1362 551 1418 omnibus
587 1366 827 1418 ridendas
865 1363 1185 1432 praeberent.
1267 1365 1354 1419 29.
1392 1365 1486 1418 Vel
1522 1366 1650 1418 forte
1685 1379 1746 1416 ea
1785 1365 1848 1417 de
1886 1379 2042 1417 eausa
2081 1372 2188 1416 tum

306 1443 555 1507 temporis
574 1442 814 1508 descripti
836 1451 987 1508 atque
1008 1441 1133 1494 editi
1154 1448 1305 1504 sunt,
1331 1449 1386 1493 nt
1406 1443 1599 1510 populo
1619 1444 1948 1496 ostenderent
1961 1483 1974 1503 ‚
1996 1443 2192 1493 Danie-

308 1517 375 1570 lis
396 1518 689 1586 prophetias
710 1518 1017 1586 adimpletas
1038 1533 1152 1570 esse
1166 1558 1181 1582 ,
1217 1525 1376 1586 atque
1405 1534 1526 1571 eum
1551 1521 1643 1570 hae
1661 1521 1930 1572 rationein
1949 1519 2190 1584 religione

306 1594 668 1648 continuarent
683 1634 697 1659 ,
738 1610 805 1648 ne
826 1597 891 1648 de
912 1595 1215 1647 melioribus
1232 1603 1284 1648 et
1302 1597 1470 1648 futura
1491 1597 1658 1648 salute
1679 1597 1730 1648 in
1751 1597 1906 1648 tantis
1925 1593 2192 1647 calamita-

306 1671 451 1723 tibus
471 1673 788 1740 desperaret.
860 1673 945 1724 30.
986 1673 1442 1726 verumenimvero
1471 1675 1704 1740 quamvis
1733 1673 1782 1725 1ιί
1811 1671 1928 1724 libri
1948 1671 2078 1724 adeo
2105 1685 2190 1723 re—

306 1758 483 1802 centes
502 1759 553 1803 et
573 1752 691 1803 novi
709 1752 832 1813 sint,
856 1750 1049 1803 multae
1068 1758 1237 1803 tamen
1260 1752 1480 1805 mendae
1501 1766 1560 1804 ex
1581 1753 1923 1815 festinatione,
1949 1752 2002 1803 nl
2023 1751 2185 1813 fallor,

306 1827 711 1881 describentium
742 1828 794 1879 in
826 1830 1039 1879 eosdem
1070 1830 1406 1896 irrepserunt.
1477 1832 1538 1881 ln
1559 1830 1700 1881 hisee
1719 1830 1886 1890 enlm,
1914 1838 1974 1881 ut
1993 1830 2050 1881 lu
2067 1829 2191 1881 reli-

308 1906 459 1969 quis,
502 1912 653 1957 notae
680 1905 1019 1971 marginales,
1062 1906 1126 1957 de
1156 1906 1351 1972 quibus
1380 1906 1430 1957 in
1459 1907 1781 1973 praecedenti
1817 1920 1932 1974 eap.
1963 1908 2186 1972 egimus,

308 1981 485 2047 plnres
502 1982 657 2034 etlam
678 1984 1030 2049 reperiuntur,
1072 1990 1123 2034 et
1140 1991 1398 2048 praeterea
1419 1984 1572 2034 etiam
1603 1984 1710 2034 loca
1733 1984 1984 2049 quaedam
2001 2023 2015 2045 ‚
2057 1996 2190 2049 quae

310 2058 453 2110 nulla
470 2058 571 2110 alla
590 2060 784 2111 ratione
804 2053 1304 2127 excusari'possunt‚
1349 2062 1522 2111 utiam
1545 2059 1836 2112 ostendam.
1913 2059 2016 2111 Sed
2045 2063 2188 2126 prius

308 2137 441 2187 eirea
468 2136 653 2187 horum
682 2137 989 2203 marginales
1016 2135 1263 2189 lectiones
1292 2138 1456 2189 notari
1485 2136 1624 2198 volo,
1666 2136 1808 2202 quod
1835 2138 1878 2187 sl
1897 2136 2190 2188 Pharisaeia

308 2212 697 2265 eoncedendum
715 2252 729 2275 ‚
770 2228 859 2265 eas
877 2226 1040 2280 aeque
1060 2214 1300 2281 antiquas
1319 2227 1456 2276 esse,
1497 2228 1556 2265 ac
1574 2215 1717 2281 ipsos
1736 2213 1920 2265 horum
1939 2213 2188 2265 librorum

309 2290 603 2357 scriptume,
622 2299 733 2341 tum
753 2292 1045 2343 necessario
1064 2291 1342 2343 dicendum
1363 2292 1484 2353 erit,
1509 2293 1787 2357 scriptores
1805 2291 1970 2357 ipsos,
1993 2291 2039 2341 sl
2060 2289 2190 2342 forte

310 2366 485 2433 plures
503 2368 730 2430 fuerunt,
752 2382 843 2419 eas
861 2382 919 2420 ea
940 2368 1004 2419 de
1022 2382 1177 2420 eausa
1198 2370 1456 2420 nutavisse
1469 2408 1484 2432 ‚
1507 2368 1626 2435 quia
1647 2370 1789 2436 ipsas
1811 2366 2183 2435 chronologias»,

309 2443 449 2495 nude
477 2458 565 2495 eas
594 2442 1005 2513 descripserunt,
1046 2460 1153 2497 uon
1184 2446 1314 2498 satis
1341 2451 1572 2498 accurate
1599 2447 1818 2513 scriptas
1855 2446 2186 2507 inveneruntg

308 2666 503 2733 eertum*
518 2666 593 2748 alt:
614 2670 739 2748 'uod
762 2686 967 2745 ludaeis,
988 2692 1067 2749 qui
1089 2692 1247 2737 aulam
1269 2692 1570 2749 frequentare
1589 2690 1841 2747 debebant,
1863 2704 1979 2737 nova
2000 2692 2188 2735 nomina

306 2702 684 2805 imponebantur.
742 2750 818 2796 Sie
838 2751 1005 2796 Daniel
1027 2752 1322 2807 Beltesasar
1341 2751 1606 2797 Zerubabel
1625 2752 1856 2797 sesbasar
1875 2759 1920 2796 et
1938 2750 2188 2796 Nehemnas

306 2808 542 2855 flatirsata
564 2811 838 2855 vocabatur.
892 2811 993 2855 Vid-
1014 2812 1133 2857 Dan.
1156 2824 1259 2868 cap.
1284 2816 1322 2855 ¹.
1343 2825 1386 2857 v.
1406 2814 1447 2855 τ.
1501 2812 1606 2857 Esr.
1627 2822 1732 2867 cap.
1754 2815 1791 2853 1.
1813 2824 1854 2855 v.
1875 2814 1915 2853 8.
1937 2822 1978 2855 e.
1997 2813 2038 2851 ⁵.
2059 2822 2099 2853 v.
2122 2809 2186 2853 14.

302 2871 361 2914 At
382 2869 562 2914 ratione
581 2868 725 2914 offleii
746 2868 940 2915 salutari
961 2870 1150 2917 volebat
1169 2869 1309 2925 (Gall.
1332 2884 1391 2916 on
1413 2872 1536 2916 avoit
1553 2872 1610 2915 de
1631 2868 1853 2915 comume
1873 2868 1929 2914 de
1948 2870 1994 2913 le
2012 2868 2188 2922 saluar)

304 2944 454 3004 ΠΠΒ
492 2952 787 3003 procurator
814 2960 853 2993 s.
878 2958 944 3005 pr
946 2960 1090 2992 aeus.
1144 2948 1245 2993 Vid.
1277 2948 1472 2995 Nehem.
1502 2958 1605 3004 cap
1624 2950 1666 2989 5.
1694 2959 1814 2992 vers.
1837 2948 1902 2987 14.
1924 2952 1971 2989 et
1997 2957 2098 3003 cap.
2122 2947 2186 2991 12.

305 3043 424 3077 vers.
446 3034 516 3078 2⁸.
539 3030 698 3088 Sp.—
716 3031 836 3079 Gall.
858 3041 1099 3091 praeterea
1120 3034 1254 3080 add-z
1295 3032 1384 3091 „11
1405 3040 1476 3079 est
1494 3032 1615 3077 done
1635 3033 1810 3077 certain
1831 3034 1908 3089 qu'
1927 3031 2186 3087 Atirseatha

309 3097 461 3136 estun
492 3105 601 3138 nom
629 3106 825 3150 propre,
855 3106 1039 3139 comme
1059 3094 1446 3176 flatselelphonid
1473 3091 1746 3137 Hatsobeba
1768 3098 1790 3134 1
1810 3091 1979 3136 Ghron.
1999 3094 2042 3149 4,
2061 3094 2102 3137 3.
2124 3095 2186 3149 8.,

309 3150 563 3208 Balloghee
583 3153 776 3199 Nollem.
801 3156 867 3214 ιο,
884 3156 952 3198 25.
982 3161 1032 3200 et
1046 3152 1166 3201 ainai
1184 3156 1247 3199 du
1267 3154 1425 3201 reste-⁴

373 3221 601 3291 Spinoza
638 3226 728 3276 ΠΙ.
1375 3284 1390 3301 .
1687 3202 1755 3279 Ι11
