2548 3485
1051 177 1186 224 car.
1243 175 1380 254 vin.
1700 191 1703 196 ·
2030 173 2149 234 125

283 357 426 408 muni
463 355 732 409 hominum
769 354 973 425 ingenio
1009 362 1059 406 et
1093 355 1360 422 capacitati
1396 353 1799 417 accommodata,
1838 361 1897 408 ut
1925 364 2151 408 nostram

283 449 398 486 esse
419 433 763 485 ostendimus,
819 431 1058 484 Vidimus
1081 433 1218 484 enim
1239 447 1346 496 eas,
1371 447 1501 498 quas
1517 434 1619 484 iam
1638 429 1793 483 habet
1811 431 2149 492 difficultates,

283 517 418 563 ortas
440 511 606 563 fuisse
625 509 690 562 ab
710 509 978 561 hominum
997 509 1230 561 socordia
1245 549 1260 573 ,
1301 524 1406 590 non
1425 517 1597 562 autem
1616 517 1875 561 ex-natura
1902 509 2151 563 methodi.

283 749 460 811 GAP.
506 749 665 811 VIII.
753 751 816 812 In
863 741 978 830 quo
1023 751 1348 812 ostenditur
1384 749 1826 813 pentateuchon
1873 757 1934 811 et
1968 741 2153 810 libros

279 839 520 916 Iosuae,
574 842 856 918 Indicum,
917 845 1066 918 But,
1113 843 1411 906 Samuelis
1456 851 1517 905 et
1562 845 1795 925 Regum
1840 866 1954 905 non
2010 865 2154 904 esse

321 939 709 1020 autographa.
802 936 1036 999 Deinde
1089 940 1417 1018 inquiritur,
1476 959 1548 999 an
1604 960 1819 1000 eorum-
1857 939 2110 1000 omnium

343 1033 666 1114 scriptores
692 1033 894 1114 plures
923 1033 1161 1106 fuerint,
1184 1053 1258 1092 an
1289 1053 1439 1094 unus
1468 1039 1716 1108 tantum,
1743 1039 1805 1093 et
1831 1035 2083 1113 quinam.

377 1204 434 1252 In
467 1203 789 1269 praecedenti
819 1189 983 1270 capite
1011 1203 1074 1254 de
1102 1200 1453 1254 fundamentis
1480 1208 1533 1253 et
1560 1203 1827 1269 principiis
1846 1203 2153 1269 cognitionis

277 1278 654 1344 scripturarum
690 1282 921 1346 egimus,
959 1294 1122 1346 eaque
1159 1279 1301 1332 nulla
1336 1279 1432 1330 alia
1462 1293 1579 1332 esse
1606 1279 1956 1338 ostendimus,
1994 1293 2152 1355 quam

277 1354 460 1408 harum
478 1357 732 1409 sinceram
755 1357 1044 1418 historiam;
1083 1356 1216 1407 hanc
1243 1363 1441 1418 autem,
1482 1370 1779 1423 quanquam
1808 1357 2041 1423 apprime
2059 1371 2155 1408 ne-

275 1435 580 1496 cessariam,
613 1441 805 1486 veteres
827 1441 997 1486 tamen
1017 1432 1331 1500 neglexisse,
1364 1434 1471 1495 vel,
1508 1435 1729 1499 siquam
1749 1433 2048 1498 scripserim
2066 1439 2154 1484 aut

277 1473 602 1573 tradiderint,
643 1517 933 1578 temporum
961 1513 1148 1563 iniuria
1169 1511 1412 1577 periisse,
1454 1515 1897 1576 etconsequenter
1913 1523 2151 1576 magnam

274 1593 470 1651 partem
499 1586 950 1640 fundamentorum
979 1595 1029 1639 et
1055 1589 1426 1654 principiorum
1458 1586 1615 1638 huius
1650 1587 1956 1654 cognitionis
1992 1587 2153 1638 inter-

275 1663 483 1716 cidisse.
553 1665 608 1720 2.
647 1666 800 1728 Quod
831 1665 1000 1717 adhuc
1027 1664 1353 1716 tolerandum
1374 1671 1539 1727 esset,
1582 1665 1627 1716 si
1647 1665 1834 1732 posteri
1854 1664 1987 1716 intra
2004 1677 2152 1715 veros

273 1737 462 1793 limites
481 1756 540 1793 se
559 1742 954 1804 continuissent,
977 1750 1025 1793 et
1043 1756 1222 1809 pauca,
1247 1757 1381 1809 quae
1402 1750 1705 1810 acceperant
1723 1750 1815 1795 aut
1830 1742 2148 1802 invenerant,

273 1816 406 1869 bona
427 1832 546 1873 cum
565 1818 666 1871 fide
685 1817 1076 1872 successoribus
1096 1820 1209 1871 suis
1229 1818 1583 1885 tradidissent,
1607 1833 1702 1871 nec
1720 1833 1849 1871 nova
1869 1833 1928 1871 ex
1945 1820 2151 1886 proprio

275 1894 480 1947 cerebro
497 1898 878 1951 excussissem:
917 1911 1022 1962 quo
1049 1896 1242 1949 sactum
1271 1903 1377 1959 est,
1416 1903 1476 1947 ut
1494 1898 1785 1963 scripturae
1810 1890 2021 1947 historia
2047 1909 2152 1947 non

273 1978 468 2023 tantum
489 1974 784 2039 imperfecta
799 2014 812 2037 ,
853 1974 944 2025 sed
966 1974 1118 2025 etiam
1137 1973 1436 2025 mendosior
1454 1974 1719 2035 manserit,
1758 1971 1855 2025 hoc
1874 1980 1969 2037 est,
2009 1978 2067 2023 ut
2085 1973 2152 2025 iis

273 2048 464 2115 integra
485 2052 778 2117 superstrui
797 2052 991 2117 possit,
1029 2050 1120 2103 sed
1153 2052 1303 2102 etiam
1323 2050 1503 2101 vitiosa
1524 2050 1646 2101 sint.
1719 2050 1771 2101 3.
1809 2050 1951 2102 Haec
1969 2062 2152 2100 emen-

273 2125 391 2177 dare
411 2126 747 2179 fundamenta
767 2128 1074 2193 cognitionis
1092 2127 1471 2192 scripturarum
1488 2165 1501 2186 ‚
1542 2140 1647 2178 non
1670 2134 1866 2177 tantum
1887 2125 2146 2192 pauciora,

273 2210 329 2253 ut
358 2208 410 2253 et
436 2206 732 2257 communia
751 2204 1033 2271 theologiae
1051 2202 1365 2272 praeiudicia
1384 2204 1560 2254 tollere
1577 2201 1641 2254 ad
1662 2216 1835 2253 meum
1856 2203 2151 2255 institutum

273 2287 489 2346 spectat.
559 2279 631 2333 At
648 2296 842 2345 vereor,
863 2296 929 2333 ne
949 2282 1105 2333 nimis
1123 2295 1238 2333 sero
1258 2280 1355 2331 hoc
1373 2287 1567 2331 tentare
1588 2280 1879 2346 aggrediar;
1913 2294 1993 2331 res
2014 2280 2149 2331 enim

273 2370 332 2407 eo
353 2356 453 2407 iam
475 2357 635 2410 ferme
654 2360 912 2425 pervenit,
950 2366 1009 2411 ut
1028 2358 1264 2410 homines
1284 2357 1417 2409 circa
1435 2355 1534 2408 hoc
1553 2370 1655 2409 non
1674 2357 1931 2422 patiantur
1948 2356 2147 2421 corrigi,

271 2432 366 2485 sed
398 2433 449 2484 id
479 2412 620 2500 quod
649 2434 749 2487 sub
777 2437 950 2503 specie
977 2434 1238 2501 religionis
1265 2434 1484 2501 amplexi
1510 2441 1661 2495 sunt,
1700 2434 2024 2500 pertinaciter
2048 2432 2149 2485 de-

271 2509 508 2572 fendant3
550 2526 644 2565 nec
671 2512 812 2564 ullus
841 2512 988 2563 locus
1015 2514 1221 2577 rationi,
1262 2512 1367 2563 nisi
1398 2512 1535 2578 apud
1562 2512 1907 2577 paucissimos
1938 2510 2149 2578 (sicum

273 2583 486 2651 reliquis
507 2589 893 2658 comparentur)
911 2590 1123 2641 relictus
1141 2588 1360 2642 videtur.
1407 2587 1554 2640 Adeo
1572 2585 1671 2640 late
1691 2588 1817 2641 haec
1839 2588 2150 2653 praeiudicia

272 2661 542 2715 hominum
575 2674 776 2717 mentes
801 2674 1196 2732 occupaverunt.
1267 2667 1446 2717 Enitar
1464 2672 1636 2716 tamen
1653 2705 1667 2727 ,
1708 2680 1920 2731 remque
1939 2664 2148 2730 experiri

269 2754 374 2792 non
403 2742 637 2795 desinam
653 2781 668 2805 ,
708 2744 1126 2809 quandoquidem
1156 2743 1285 2794 nihil
1314 2750 1419 2803 est,
1464 2756 1555 2794 cur
1580 2734 1646 2794 'de
1665 2742 1759 2793 hac
1781 2757 1834 2794 re
1854 2755 2063 2808 prorsus
2083 2740 2151 2790 sit

272 2815 676 2884 desperandum.
749 2824 802 2872 4.
840 2821 905 2871 Ut
933 2836 990 2872 ea
1019 2828 1191 2871 autem
1221 2819 1400 2871 ordine
1427 2819 1727 2882 ostendam,
1763 2833 1792 2870 a
1818 2815 2150 2884 praeiudi-

269 2895 396 2947 ciis
424 2897 590 2948 eirca
613 2911 792 2949 veros
819 2898 1171 2963 scriptores
1194 2910 1519 2949 sacrorum
1544 2896 1853 2951 librorum
1882 2893 2143 2959 incipiam,

181 2989 191 3001 ³
265 2979 320 3022 et
347 2972 518 3040 primo
540 2973 605 3025 de
631 2976 888 3043 scriptore
903 2974 1282 3025 Pentateuchi:
1318 2988 1473 3039 quem
1500 2974 1608 3025 fere
1628 2985 1808 3024 omnes
1826 2972 2010 3023 Mosen
2031 2984 2147 3021 esse

271 3048 616 3112 crediderunt,
656 3052 762 3102 imo
781 3049 909 3102 adeo
927 3046 1256 3118 pertinaciter
1273 3049 1611 3102 defenderunt
1628 3047 1911 3109 Pharisaei,
1947 3054 2007 3097 ut
2024 3060 2145 3119 eum

270 3116 585 3178 haereticum
604 3126 900 3193 habuerint,
941 3129 1033 3195 qui
1053 3128 1193 3180 aliud
1213 3130 1355 3181 visus
1375 3134 1454 3179 est
1472 3126 1690 3186 sentire;
1731 3130 1781 3175 et
1796 3122 1890 3174 hac
1908 3122 1971 3175 de
1989 3136 2142 3173 causa
