2548 3485
1078 164 1218 211 cu».
1271 163 1413 209 xix.
2067 158 2186 219 251

307 338 711 393 concedentibus
730 346 781 391 et
796 339 1206 407 approbantibus
1226 338 1499 393 ordinibus
1517 338 1716 391 efficere
1736 345 1968 406 possent.
2009 338 2094 390 37.
2117 340 2196 391 Ex

308 417 501 484 quibus
524 419 799 484 sequitur,
839 420 923 469 lus
952 430 1227 484 supremae
1256 417 1541 470 maiestatis
1567 430 1774 483 semper
1802 430 1962 483 penes
1983 416 2196 468 ordines

307 495 495 559 fuisse,
516 493 658 561 qnod
678 492 889 559 quidem
908 493 1131 546 ulti-us
1150 508 1327 547 eomes
1345 500 1564 547 conatus
1581 501 1662 545 est
1680 506 1949 559 usurpare.
2023 493 2198 556 Quare
2231 484 2246 497 ⁹

306 573 459 639 longe
478 571 651 635 abest,
692 571 833 636 quod
852 570 918 623 ab
940 585 1001 623 eo
1022 570 1330 634 defecerint,
1368 586 1532 638 quum
1554 571 1828 636 pristinum
1849 584 2002 625 suum
2023 571 2198 636 impe-

308 650 445 701 rium
472 662 635 716 paene
648 649 755 700 iam
775 649 1027 701 emissum
1048 656 1482 701 restauraverunt.
1553 648 1656 699 His
1676 648 1832 714 igit-ur
1852 646 2100 713 exemplis
2119 647 2194 709 id,

308 726 449 793 quod
480 726 729 789 diximus,
768 726 981 777 omniuo
1000 724 1331 779 confirmatur
1349 766 1365 789 ,
1405 724 1547 792 quod
1567 724 1765 777 scilicet
1781 726 2199 789 uniuscuiusque

308 804 507 869 imperii
527 803 690 855 forma
712 804 1007 854 necessario
1025 802 1292 857 retinenda
1311 806 1409 866 est,
1441 816 1538 855 nee
1556 802 1755 869 ubsque
1776 800 2004 869 periculo
2022 802 2198 853 totalis

306 881 473 946 ipsius
502 881 683 933 ruinae
716 878 901 931 mutari
928 886 1117 946 potest.
1190 880 1259 933 Et
1277 880 1402 933 haee
1419 885 1546 933 sunt
1561 918 1578 944 ,
1616 894 1750 945 quae
1770 879 1858 931 hie
1874 893 2058 946 operae
2077 893 2201 947 pre-

306 958 439 1009 tium
459 964 635 1011 notare
657 957 799 1009 duxi.
1194 978 1218 987 κ

306 1196 489 1258 CAP.
524 1194 694 1257 XIX.
772 1195 1139 1269 Ostenditur‚
1176 1198 1270 1257 ins
1307 1198 1462 1259 eirea
1494 1216 1667 1258 sacra
1702 1216 1893 1277 penes
1927 1216 2196 1259 summas

309 1296 644 1371 potestates
690 1291 926 1351 omnino
965 1310 1141 1364 esse,
1195 1296 1258 1351 et
1291 1290 1600 1371 religionis
1637 1290 1858 1352 cultum
1895 1298 2198 1351 externum

309 1372 670 1465 reipublicae
713 1385 846 1465 paci
888 1384 1320 1447 accommodari
1357 1384 1596 1455 debere,
1631 1384 1686 1443 si
1721 1390 1884 1447 recte
1919 1384 2053 1445 Deo
2092 1384 2196 1447 ob-

940 1484 1278 1559 temperare
1312 1476 1586 1541 velimus.

411 1632 587 1695 Quum
610 1644 768 1697 supro
787 1629 889 1683 dixi
908 1630 991 1699 ¹),
1032 1644 1151 1695 eos,
1190 1632 1284 1698 qui
1301 1632 1578 1701 imperium
1601 1638 1802 1696 teuent,
1833 1633 1918 1683 ins
1937 1631 2004 1685 nd
2023 1632 2194 1685 omnia

310 1708 452 1762 solos
481 1707 669 1761 habere
696 1714 747 1759 et
772 1722 803 1760 a
830 1705 943 1760 solo
963 1722 1143 1762 eorum
1164 1709 1368 1764 decreto
1386 1710 1472 1763 ius
1497 1724 1650 1763 omne
1670 1710 1922 1779 pendere,
1960 1723 2062 1761 non
2083 1716 2200 1760 tan-

310 1796 421 1838 tum
452 1786 597 1838 civile
627 1785 913 1852 intelligere
938 1787 1101 1852 volui,
1140 1787 1234 1838 sed
1264 1788 1416 1838 etiam
1447 1801 1689 1849 sacrum3
1730 1801 1848 1839 nam
1867 1787 2026 1840 huius
2045 1788 2198 1838 etiam

314 1870 366 1914 et
401 1863 705 1929 interpretes
732 1876 849 1914 esse
876 1861 1070 1914 debent
1097 1869 1148 1914 et
1174 1863 1423 1916 vindices.
1494 1864 1672 1930 Atque
1710 1865 1809 1917 hoe
1843 1864 1927 1916 hic
1963 1878 2199 1931 expresse

312 1945 491 1990 notare
518 1937 633 1990 volo
660 1945 711 1990 et
738 1937 802 1988 de
828 1953 889 1990 eo
916 1953 977 1990 ex
993 1939 1228 2006 professo
1247 1941 1301 1993 iu
1323 1940 1420 1992 hoe
1440 1941 1607 2008 eapite
1625 1956 1804 2007 agere,
1845 1933 1968 2008 (juin
1988 1941 2199 2008 plurimi

312 2021 463 2076 sunt,
489 2016 579 2082 qui
598 2023 907 2082 pernegant,
937 2016 1202 2080 hocius,
1236 2031 1460 2086 nempe
1489 2018 1658 2069 eirea
1687 2008 1896 2080 secra,
1927 2018 2200 2069 summis

311 2091 753 2160 potestatibus
789 2100 1177 2160 competere,
1219 2109 1389 2161 neque
1427 2109 1515 2146 eos
1546 2094 1850 2160 interpretes
1879 2095 2012 2146 iuris
2041 2094 2199 2145 divini

312 2184 589 2236 agnoscere
630 2169 823 2222 volunt.
896 2169 950 2224 2.
987 2169 1137 2222 Unde
1177 2172 1334 2222 etiam
1370 2170 1629 2222 licentiam
1657 2170 1759 2223 sibi
1789 2177 2033 2232 sumunt,
2074 2185 2198 2222 eos-

312 2245 430 2298 dem
452 2246 731 2299 ueeusandi
752 2252 803 2298 et
824 2247 1123 2298 traducendi
1144 2285 1158 2308 ‚
1190 2249 1295 2300 imo
1315 2247 1380 2300 ab
1399 2247 1618 2301 eeclesia
1640 2247 1726 2314 (ut
1743 2248 1865 2300 olim
1882 2246 2199 2300 Ambrosius

312 2322 663 2375 Theodosium
702 2324 1003 2391 Caesarem)
1038 2323 1537 2377 excommunicandi.
1609 2324 1712 2378 Sed
1751 2339 1841 2378 eos
1878 2325 1970 2376 hae
2006 2325 2201 2378 rationo

313 2401 590 2466 imperium
616 2399 872 2463 dividere,
910 2401 1015 2452 imo
1044 2401 1177 2454 viam
1198 2401 1265 2454 ad
1285 2402 1562 2470 imperium
1580 2401 1842 2463 affectare,
1883 2398 2013 2453 infra
2030 2402 2082 2454 in
2103 2403 2202 2454 hoo

315 2477 430 2543 ipso
462 2477 628 2545 eapite
653 2477 950 2530 videbimus
964 2479 1043 2540 ²).
1112 2477 1242 2531 Nam
1269 2481 1416 2546 prius
1445 2479 1717 2533 ostendere
1754 2479 1894 2542 volo,
1933 2479 2202 2546 religio-

317 2568 453 2605 nem
481 2555 599 2605 vim
628 2555 794 2606 iuris
820 2555 1111 2622 accipere
1138 2570 1205 2606 ex
1232 2557 1373 2607 solo
1392 2570 1606 2608 eorum
1636 2556 1921 2618 decreto,
1963 2558 2071 2623 qni
2099 2557 2199 2607 ius

316 2629 669 2694 imperandi
700 2629 965 2694 habent,
995 2638 1056 2682 et
1080 2633 1276 2684 Deum
1309 2633 1552 2686 nullum
1583 2634 1910 2701 singulare
1939 2647 2198 2699 regnum

316 2709 381 2759 in
401 2705 690 2762 homines
715 2706 982 2770 habere,
1003 2709 1129 2760 nisi
1159 2723 1269 2776 per
1289 2724 1416 2771 eoS,
1443 2712 1551 2775 qui
1581 2712 1920 2778 imperium
1949 2715 2194 2768 tenent;

316 2790 367 2834 et
401 2792 663 2850 praeterea
698 2784 865 2851 quod
914 2785 1255 2851 religionis
1293 2787 1508 2838 cultus
1546 2795 1606 2838 et
1651 2787 1920 2854 pietatis
1958 2786 2200 2836 exerci-

317 2861 471 2912 tium
515 2861 918 2929 reipublicae
963 2863 1103 2928 paci
1149 2870 1211 2915 et
1254 2863 1535 2916 utilitati
1590 2861 2081 2923 accommodari,
2135 2869 2200 2914 et

422 3075 463 3123 1)
490 3073 592 3117 Vid.
615 3085 716 3130 cap.
738 3075 804 3119 16.
826 3077 869 3128 s.
888 3077 955 3118 24.
975 3088 1047 3132 sq.
1069 3087 1171 3131 esp.
1196 3078 1258 3118 17.
1283 3077 1321 3126 §.
1334 3078 1374 3118 5.
1387 3087 1490 3130 sqq.
1512 3085 1614 3129 cap.
1635 3077 1700 3116 18.
1723 3076 1766 3126 ς.
1785 3075 1852 3117 2⁴1.

420 3135 465 3186 2)
493 3133 595 3178 vid.
617 3134 739 3180 infra
760 3136 802 3188 ς.
821 3135 888 3179 41.
