2548 3485
398 168 518 230 150
788 169 1179 218 'rchATUs
1217 167 1619 236 Tussomelcp
1632 166 1885 213 quur.

397 363 661 402 semrom
689 347 925 402 exclusos
954 346 1194 401 volebant
1219 351 1273 398 et
1298 360 1417 399 cnm
1448 345 1688 414 reliquis,
1728 361 1864 414 quos
1892 345 1995 399 iam
2016 345 2283 400 desidera·-

397 442 545 490 mus,
567 426 848 480 custodire.
923 425 1078 490 Quod
1097 423 1337 476 absolute
1354 423 1627 488 fecissent,
1660 425 1760 477 nisi
1779 423 2037 492 quaedam
2056 425 2284 492 reperis-

395 512 513 558 sent
539 505 681 566 loca,
720 503 812 557 ubi
842 505 924 558 lex
949 504 1115 557 Mosis
1145 503 1555 554 commendatur.
1628 501 1921 554 nolendum
1950 515 2104 564 sane,
2144 504 2283 568 quod

399 597 482 634 res
503 596 676 634 sacrae
693 589 746 633 et
763 583 990 650 optimae
1005 579 1072 632 ab
1091 579 1276 631 horum
1297 578 1545 632 electione
1565 579 1919 646 dependet-int.
1958 581 2095 646 Ipsis
2114 586 2283 631 tamen

384 659 650 727 gratulor,
691 659 832 726 quod
861 659 956 711 hos
983 659 1140 712 etiam
1169 655 1321 709 nobis
1360 659 1741 710 communicare
1770 656 2067 717 voluerunt3
2106 672 2283 710 verum

331 752 335 759 ·
383 735 500 790 ‘non
529 751 747 804 possum
777 752 880 790 nou
911 736 1173 799 dubitare,
1217 749 1343 786 num
1372 749 1461 787 eos
1498 734 1633 788 bona
1669 749 1789 788 cum
1826 733 1926 786 tide
1964 733 2282 798 tradiderint,

399 815 539 881 quod
567 814 652 865 hic
679 814 746 866 ad
771 828 1006 867 severum
1035 826 1247 866 examen
1278 827 1511 864 revocare
1542 812 1682 864 nolo.
1756 813 1808 864 6.
1846 813 2007 878 Pergo
2037 812 2191 876 igitur
2220 812 2285 864 ad

399 893 565 944 libros
590 892 996 959 prophetarum.
1068 888 1246 952 Quum
1284 889 1350 940 ad
1386 889 1481 941 lios
1517 889 1752 953 attendo,
1792 889 1939 942 video
1968 888 2281 956 prophetiaS,

399 982 531 1034 quae
561 969 616 1019 in
643 969 709 1020 iis
739 969 1096 1030 continentur,
1137 979 1199 1018 ex
1221 966 1340 1018 aliis
1367 965 1513 1018 libris
1542 967 1780 1020 collectas
1806 966 2001 1027 fuisse,
2042 981 2213 1033 neque
2232 969 2285 1018 in

397 1045 540 1098 hisce
559 1045 742 1098 eodem
761 1045 946 1097 ordine
963 1057 1170 1110 semper
1189 1042 1441 1105 describi,
1480 1059 1586 1110 quo
1606 1043 1671 1096 ab
1690 1044 1821 1112 ipsis
1836 1044 2100 1111 prophetis
2118 1043 2285 1096 dictae

400 1123 478 1174 vel
506 1123 728 1188 scriptae
755 1123 991 1184 fuerunt,
1031 1133 1204 1188 neque
1233 1123 1387 1173 etiam
1419 1136 1603 1174 omnes
1628 1121 1903 1182 contineri,
1942 1120 2035 1172 sed
2064 1135 2151 1174 eas
2171 1129 2287 1173 tan-

400 1207 510 1250 tum
525 1237 541 1262 ‚
581 1214 712 1265 quas
741 1200 862 1252 hiuc
879 1199 1022 1252 illinc
1038 1199 1266 1252 invenire
1288 1205 1583 1266 potuerunt.
1656 1198 1830 1260 Quare
1848 1198 2037 1250 bilibri
2060 1213 2161 1250 non
2182 1201 2313 1250 nisi.

402 1277 684 1342 fragmenta
723 1278 1086 1345 prophetarum
1126 1283 1271 1327 sunt.
1354 1274 1407 1328 7.
1442 1278 1575 1327 Nam
1613 1275 1809 1327 Esaias
1844 1284 2085 1342 regnante
2122 1277 2287 1328 Ennia

400 1354 704 1422 prophetare
732 1355 953 1421 incepit,
989 1361 1049 1405 ut
1076 1353 1363 1420 descriptor
1397 1354 1509 1419 ipse
1539 1353 1704 1420 primo
1732 1367 1883 1405 versu
1911 1360 2145 1406 testatur.
2216 1354 2289 1406 At

401 1446 506 1483 non
536 1438 734 1484 tantum
769 1441 882 1484 tum
910 1431 1158 1498 temporis
1184 1430 1533 1498 prophetavit,
1576 1429 1669 1482 sed
1690 1431 1905 1497 insuper
1920 1445 2102 1484 omnes
2120 1447 2205 1483 res
2222 1431 2287 1483 ah

401 1509 500 1562 hoc
527 1524 644 1575 rege
669 1518 839 1574 gestas
869 1508 1144 1574 descripsit
1173 1506 1317 1573 (vide
1348 1506 1513 1558 Paral.
1546 1507 1639 1559 lib.
1659 1508 1713 1562 2.
1744 1521 1855 1575 cap.
1876 1511 1965 1562 26.
1996 1523 2129 1562 vers.
2150 1511 2284 1574 22.),

405 1602 561 1654 quem
581 1586 770 1638 librum
792 1588 896 1637 iam
917 1583 1293 1637 desideramus.
1368 1586 1513 1647 Quae
1533 1592 1705 1636 autem
1725 1584 1978 1638 hahemus
1993 1625 2007 1647 ,
2048 1601 2107 1638 ex
2134 1586 2289 1638 chro-

405 1659 744 1730 nicis'regum
775 1663 937 1714 Iudae
963 1669 1014 1712 et
1030 1660 1238 1712 Israelis
1261 1660 1519 1728 descripta
1538 1675 1655 1714 esse
1674 1662 2021 1715 ostendimus·
2094 1663 2146 1714 8.
2184 1665 2285 1714 His

404 1739 561 1803 adde,
603 1739 743 1807 quod
771 1737 960 1791 Rabini
985 1745 1224 1791 statuunt
1249 1737 1392 1791 hunc
1420 1738 1720 1807 prophetam
1742 1740 1893 1792 etiam
1914 1749 2153 1806 regnante
2170 1741 2289 1795 Ma-

405 1832 586 1880 uasse,
625 1832 655 1868 a
683 1830 788 1882 quo
827 1817 1034 1869 tandem
1071 1822 1337 1883 peremtus
1374 1824 1481 1881 est,
1519 1817 1929 1885 prophetavisse,
1968 1823 2019 1869 et
2055 1821 2288 1883 quamvis

404 1894 636 1949 fabulam
665 1908 872 1951 narrare
894 1893 1187 1957 videantur,
1228 1893 1465 1946 videntur
1484 1902 1655 1946 tamen
1674 1895 1956 1948 credidisse
1976 1910 2155 1948 omnes
2174 1898 2287 1947 eius

405 1972 698 2041 prophetias
737 1986 840 2023 non
879 1979 1096 2024 exstare.
1179 1974 1231 2024 9.
1268 1970 1523 2023 [eramiae
1562 1973 1746 2025 deinde
1774 1974 2113 2041 prophetiae,
2154 1987 2289 2038 quae

403 2050 647 2103 historice
677 2058 980 2112 narrantur,
1020 2063 1079 2100 ex
1107 2050 1263 2101 variis
1294 2049 1620 2115 chronologis
1656 2049 1924 2116 decerptae
1958 2058 2008 2102 et
2046 2050 2285 2102 collectae

410 2133 554 2181 sunt.
646 2128 777 2177 Nam
816 2133 1174 2194 praeterquam
1212 2127 1353 2192 quod
1392 2126 1688 2193 perturbate
1723 2126 2113 2180 accumulentur
2146 2126 2286 2178 nulla

404 2213 696 2272 temporum
724 2206 920 2256 ratione
945 2202 1149 2265 habita,
1187 2204 1368 2255 eadem
1399 2204 1616 2271 insuper
1641 2204 1856 2258 historia
1883 2206 2098 2257 diversis
2117 2204 2287 2256 modis

405 2283 668 2349 repetitur.
716 2282 848 2333 Nam
867 2295 983 2348 cap.
1003 2280 1092 2333 21.
1113 2294 1326 2331 causam
1347 2280 1775 2348 apprehensionis
1796 2284 2041 2335 Ieremias
2060 2282 2284 2348 exponit,

403 2360 544 2427 quod
573 2357 772 2410 scilicet
803 2356 949 2409 urbis
978 2359 1315 2408 vastationem
1338 2356 1616 2410 zedechiae
1636 2361 1809 2426 ipsum
1830 2360 2119 2412 consulenti
2141 2372 2291 2425 prae-

404 2436 610 2499 dixerit,
651 2443 701 2486 et
728 2435 822 2486 hac
851 2433 1066 2486 historia
1096 2436 1380 2499 interrupta
1402 2436 1585 2487 transit
1604 2450 1715 2502 cap.
1736 2436 1824 2490 22.
1844 2437 1909 2487 ad
1929 2437 2043 2489 eius
2063 2439 2115 2488 in
2138 2435 2289 2487 [eho-

405 2512 712 2576 iachimum,
751 2513 981 2578 quiante
999 2509 1305 2564 zedechiam
1334 2512 1587 2577 regnavit,
1627 2512 2052 2565 declamationem
2075 2528 2289 2565 narran-

406 2592 562 2652 dum,
601 2597 652 2641 et
679 2588 818 2656 quod
847 2588 980 2655 regis
1011 2590 1354 2655 captivitatem
1392 2590 1721 2655 praedixerit,
1762 2596 1814 2641 et
1849 2590 2035 2642 deinde
2063 2605 2177 2657 cap.
2200 2592 2286 2644 25.

404 2682 463 2720 ea
483 2665 753 2727 describit,
793 2679 924 2732 quae
955 2672 1072 2717 ante
1093 2665 1245 2729 haec,
1274 2680 1409 2717 anno
1433 2668 1628 2719 scilicet
1647 2674 1829 2733 quarto
1848 2667 2149 2719 lehoiakimi
2169 2683 2290 2735 pro-

406 2745 588 2813 phetae
625 2742 840 2795 revelata
875 2748 1034 2802 sunt3
1096 2742 1282 2795 deinde
1319 2758 1453 2810 quae
1488 2758 1624 2796 anno
1662 2744 1827 2809 primo
1864 2743 2019 2797 huius
2058 2748 2191 2811 regis
2210 2744 2287 2812 ³¹³).

407 2824 494 2875 10.
531 2822 601 2873 Et
625 2822 704 2875 sic
730 2833 882 2887 porro
897 2858 912 2882 ,
951 2819 1096 2871 nullo
1115 2827 1407 2888 temporum
1428 2822 1606 2877 ordine
1624 2827 1852 2884 servato,
1889 2822 2184 2887 prophetias
2204 2836 2291 2873 ac-

406 2899 672 2950 cumulare
708 2898 896 2964 pergit,
938 2895 1102 2948 donee
1135 2899 1346 2950 tandem
1384 2912 1497 2966 cap.
1531 2899 1615 2951 38.
1654 2897 1832 2968 (quasi
1870 2898 1995 2950 haec
2024 2899 2089 2951 15
2128 2900 2293 2965 capita

407 2989 501 3043 per
518 2974 847 3042 parenthesin
869 2973 1002 3027 dicta
1023 2975 1228 3045 essent)
1249 2975 1316 3029 ad
1335 2975 1416 3038 id,
1448 2976 1589 3042 quod
1608 2990 1722 3044 cap.
1743 2976 1832 3032 21.
1855 2989 2059 3027 narrare
2078 2976 2285 3042 incepit,

509 3141 549 3193 ⁸)
584 3140 684 3185 vid.
705 3153 808 3199 cap.
828 3145 895 3189 w.
917 3149 964 3189 et
979 3145 1048 3189 2⁴1.
