2548 3485
371 159 454 220 66
765 160 1158 207 ΤκΔοτΑΤυε
1193 160 1851 210 mssonoorco-nom‘r.

370 341 442 394 11.
479 339 610 392 Eam
640 355 743 392 non
764 340 961 406 exigere
982 337 1136 390 iidem
1157 339 1518 404 historiarum,
1560 335 1917 406 quaecumque
1938 338 2149 390 demum
2170 353 2261 391 eae

370 418 584 470 fuerint.
652 417 786 470 Nam
823 416 1243 483 quandoquidem
1283 417 1424 469 haec
1450 416 1530 468 lex
1566 417 1735 491 diviua
1772 417 2021 469 naturalis
2057 431 2117 468 ex
2148 418 2262 469 scia

373 474 786 548 consideratione
803 491 1062 547 humanae
1079 501 1295 546 naturae
1314 495 1655 560 inteiiigatur,
1678 485 1871 546 certum
1896 500 2002 556 est,
2028 509 2125 546 nos
2146 509 2261 546 eam

372 587 536 639 aeque
573 572 840 638 concipere
877 586 1034 638 posse
1069 573 1121 623 in
1158 571 1394 634 Adamo,
1443 585 1503 622 ac
1539 571 1638 624 aiio
1677 585 1991 637 quocunque
2028 571 2258 635 homine,

374 663 537 716 aeque
556 651 609 702 in
629 649 864 714 homine,
905 651 996 715 qui
1012 651 1148 701 inter
1167 649 1405 700 homines
1422 649 1567 710 vivit,
1609 663 1671 700 ac
1686 650 1739 700 111
1760 645 2013 713 homine,
2027 651 2116 715 qui
2136 649 2263 700 soii-

373 729 554 779 teriam
575 728 724 780 vitem
746 727 870 792 agit.
963 727 1047 780 19.
1083 725 1190 779 Nec
1209 726 1340 778 fides
1360 727 1714 790 historiarum,
1756 729 2085 793 quantumvis
2104 733 2259 790 certa,

372 805 466 855 Dei
507 805 878 869 cognitionem,
917 811 966 855 et
1004 812 1384 870 consequenter
1418 819 1512 856 nec
1543 806 1694 856 etiam
1728 806 1823 856 Dei
1853 818 2081 856 amorem
2108 804 2262 856 nobis·

375 882 496 932 darc
535 887 723 947 potest.
814 879 980 932 Amor
1017 882 1154 933 enim
1191 883 1289 933 Dei
1325 879 1390 933 ab
1428 883 1543 932 eius
1579 883 1871 948 cognitione
1909 882 2091 943 oritur;
2122 881 2263 932 cius

373 965 544 1014 autem
577 958 802 1023 cognitio
829 972 890 1009 ex
914 958 1283 1011 communibus
1314 958 1614 1010 notionibus
1645 973 1737 1026 per
1762 973 1821 1010 se
1847 946 1999 1010 ce'rtis
2038 964 2091 1009 et
2127 960 2264 1010 notis

373 1034 566 1086 hauriri
585 1033 758 1086 dehet.
832 1037 1006 1099 Quare
1023 1037 1175 1102 longe
1195 1036 1357 1102 abest,
1374 1044 1438 1088 ut
1458 1035 1587 1088 fides
1610 1037 1937 1088 historiarum
1956 1036 2265 1101 requisitum

375 1113 446 1164 sit
471 1113 850 1174 necessarium,
891 1121 950 1164 ut
974 1113 1042 1164 ad
1069 1129 1337 1166 summum
1376 1121 1609 1166 nostrum
1648 1110 1844 1165 bonum
1882 1114 2262 1180 perveniamus.

375 1191 622 1241 Attamen
651 1191 886 1255 quamvis
918 1190 1048 1243 fides
1080 1191 1409 1242 historiarum
1445 1192 1539 1242 Dei
1578 1191 1920 1256 cognitionem
1957 1199 2008 1242 et
2038 1205 2265 1242 amorem

377 1265 530 1320 nobis
559 1265 682 1318 dare
709 1275 962 1333 nequeat,
1003 1283 1178 1320 earum
1210 1275 1381 1319 tamen
1409 1269 1683 1320 lectionem
1704 1269 1906 1326 ratione
1932 1269 2066 1320 vitae
2104 1267 2266 1318 civiiis

375 1343 647 1411 perutilem
675 1357 792 1397 esse
822 1359 926 1396 non
953 1340 1230 1410 negamus}
1269 1359 1377 1411 quo
1404 1347 1543 1396 enim
1573 1343 1845 1396 hominum
1875 1359 2047 1396 mores
2067 1353 2117 1397 01
2136 1341 2268 1395 0011-

377 1421 618 1483 ditioneS,
641 1434 776 1488 quac
795 1435 854 1474 cx
871 1422 1018 1473 nulia
1039 1436 1092 1473 re
1111 1422 1325 1484 meiius,
1350 1435 1507 1488 quam
1528 1436 1587 1492 ex
1606 1436 1783 1474 eornm
1805 1422 2096 1474 actionibus
2121 1423 2264 1472 nosci

375 1505 623 1566 possunt,
684 1498 1125 1551 observaverimus
1161 1496 1434 1550 et'meiius
1474 1501 1795 1563 noverimus,
1856 1515 1917 1552 eo
1954 1501 2088 1550 inter
2124 1501 2267 1564 ipsos

377 1577 578 1629 cautius
609 1577 774 1629 vivere
803 1583 1112 1642 nostrasque
1131 1577 1359 1628 actiones
1380 1583 1432 1627 et
1450 1577 1604 1627 vitam
1626 1589 1805 1628 eorum
1824 1578 2029 1644 ingenio
2044 1615 2058 1638 ,
2099 1591 2271 1642 quan-

376 1661 489 1704 tum
527 1654 656 1704 ratio
691 1652 817 1715 fert,
857 1652 1050 1705 meiius
1086 1654 1472 1706 accommodare
1510 1654 1817 1720 poterimus.
1888 1654 1977 1706 2⁰.
2016 1651 2269 1704 Videmus

377 1731 470 1783 111.
507 1730 640 1783 hinc
664 1728 828 1797 legem
857 1731 1082 1784 divinam
1109 1732 1394 1783 naturalem
1423 1746 1524 1783 non
1560 1731 1757 1800 exigere
1786 1731 2132 1792 ceremonias,
2172 1730 2270 1783 hoc

379 1815 482 1873 cst,
523 1808 778 1870 actiones,
818 1809 1024 1874 quaein
1043 1822 1100 1859 se
1119 1808 1473 1861 indifferentes
1493 1817 1616 1860 sunt
1636 1816 1688 1861 ct
1706 1809 1817 1861 solo
1842 1804 2078 1860 instituto
2100 1807 2267 1859 bonae

378 1891 651 1946 vocantur,
691 1885 766 1936 vei
796 1898 931 1951 quae
957 1885 1166 1950 aiiqnod
1194 1886 1393 1937 bonum
1438 1885 1503 1937 ad
1540 1887 1757 1937 seiutem
1797 1887 2145 1937 necessarium
2188 1900 2273 1936 re-
2358 1890 2366 1899 '

381 1968 724 2028 praesentent,
747 1961 826 2013 vel
847 1962 893 2013 si
915 1963 1076 2013 mavis
1095 1962 1340 2024 actiones,
1366 1975 1587 2029 quarum
1606 1963 1735 2015 ratio
1754 1970 1961 2029 captum
1982 1964 2269 2014 humanum

379 2044 615 2106 superam
655 2038 783 2090 nihii
818 2040 958 2090 enim
996 2038 1172 2091 iumen
1211 2040 1443 2091 naturaie
1479 2041 1657 2106 exigit,
1698 2040 1840 2105 quod
1878 2042 2050 2107 ipsum
2090 2040 2269 2091 iumen

381 2131 486 2186 non
506 2116 725 2182 attingit,
763 2115 856 2168 sed
875 2116 930 2168 id
950 2123 1171 2178 tantum,
1197 2118 1339 2183 quod
1362 2116 1512 2168 nobis
1532 2118 1814 2168 clarissime
1835 2118 2058 2169 indicare
2078 2120 2268 2183 potest,
2374 2155 2381 2163 .

379 2194 576 2246 bonum
596 2194 703 2244 sive
723 2193 953 2246 medium
973 2194 1038 2246 ad
1059 2203 1289 2245 nostram
1317 2194 1689 2246 beatitudinem
1718 2208 1856 2246 esse.
1930 2195 2076 2258 Quae
2094 2200 2269 2245 autem

381 2286 440 2323 ex
467 2270 579 2322 solo
608 2269 850 2321 mandato
880 2278 932 2323 01
957 2272 1194 2323 instituto
1223 2271 1359 2323 bona
1387 2279 1540 2333 sunt,
1578 2272 1656 2323 vei
1676 2286 1736 2323 ex
1754 2286 1845 2332 00,
1886 2270 2023 2337 quod
2044 2270 2269 2322 alicuius

379 2348 504 2400 boni
531 2346 637 2399 sint
665 2346 1135 2413 repraesentamina
1157 2388 1170 2410 ,
1209 2363 1267 2399 ea
1302 2356 1537 2399 nostrum
1566 2348 1883 2400 inteilectum
1903 2348 2145 2415 perficere
2172 2362 2271 2399 ne-

381 2430 606 2491 queunt,
647 2438 742 2475 nec
770 2425 911 2476 aiiud
941 2426 1042 2477 nisi
1073 2440 1242 2478 merae
1278 2424 1493 2477 umbrae
1532 2433 1677 2491 sunt,
1719 2440 1814 2478 nec
1850 2427 1983 2477 inter
2016 2426 2266 2488 actiones,

383 2516 514 2567 quae
544 2502 696 2566 quasi
724 2502 892 2567 proles
920 2510 1012 2553 aut
1047 2501 1246 2554 fructus
1285 2503 1587 2555 intellectus.
1612 2510 1664 2555 01
1702 2517 1859 2554 sanae
1896 2504 2085 2555 mentis
2125 2510 2268 2565 sunt,

383 2579 642 2630 numerari
672 2586 911 2643 possunt.
984 2580 1139 2643 Quod
1167 2580 1250 2630 hie
1280 2594 1383 2633 non
1414 2595 1548 2647 opus
1569 2587 1673 2641 cst,
1713 2580 1957 2645 prolixius
1978 2581 2271 2635 ostendere.

383 2656 470 2712 21.
508 2656 748 2721 Denique
775 2655 1012 2709 videmus
1038 2658 1130 2707 IV.
1153 2670 1421 2709 summum
1452 2658 1579 2723 legis
1610 2656 1811 2708 divinae
1837 2659 2127 2723 praemium
2157 2670 2275 2709 esse

383 2734 552 2800 ipsam
570 2733 763 2799 legem,
804 2746 992 2799 nempe
1009 2735 1178 2785 Deum
1199 2747 1533 2799 cognoscere,
1576 2747 1800 2799 cumque
1832 2750 1890 2785 ex
1908 2748 2023 2785 vera
2042 2734 2273 2785 iiber-tate

385 2817 436 2861 ct
463 2812 636 2862 animo
668 2811 863 2875 integro
893 2817 944 2861 et
971 2817 1240 2861 constante
1268 2826 1467 2872 emare3
1508 2824 1729 2879 poenam
1759 2818 1930 2863 autem
1961 2811 2274 2877 1101001011-

385 2887 641 2940 vationem
683 2895 734 2939 et
778 2887 950 2939 carnis
995 2888 1320 2983 servitutem,
1364 2888 1475 2973 sive
1521 2889 1754 2939 animum
1798 2890 2173 2941 inconstantem
2222 2894 2275 2939 et

359 3038 367 3051 ι
387 2964 737 3021 fluctuantem.

469 3042 577 3096 ’22.
615 3042 713 3093 His
731 3034 816 3093 sic
829 3043 1018 3093 notatis
1038 3040 1405 3107 inquirendum
1424 3044 1528 3095 iam
1550 3050 1644 3107 est,
1688 3044 1730 3096 1.
1754 3056 1880 3095 num
1898 3041 2099 3093 iumine
2116 3048 2273 3093 natu·-

387 3116 482 3175 reli
509 3118 776 3191 concipere
803 3132 1086 3189 possumus
1115 3121 1289 3174 Deum
1318 3120 1477 3199 veluti
1502 3120 1845 3189 iegisiatorcm
1875 3126 1965 3173 aut
1982 3120 2271 3188 principem
