2548 3485
1093 127 1229 174 cnr».
1283 126 1400 174 xn.
2064 121 2185 184 170

305 319 422 373 cap.
449 305 497 358 1.
519 303 842 360 ostendimus
858 304 940 374 ¹),
979 309 1136 372 atque
1163 319 1223 358 ex
1249 306 1317 358 iis
1344 305 1491 360 facile
1516 305 1848 373 intelligitur,
1888 305 2015 373 qnid
2034 307 2181 360 Scri-

306 389 460 450 ptura
477 380 766 448 significare
785 382 905 436 velit
923 397 1018 451 per
1033 381 1250 436 verbnm
1267 384 1382 447 Dei,
1415 383 1716 449 orationem,
1740 383 1967 436 edictum
1982 391 2034 438 et
2052 399 2179 438 rem.

307 460 494 512 Omnia
513 461 688 526 itaque
707 460 792 512 hic
809 467 1039 528 repetere
1057 475 1161 514 non
1183 468 1262 517 est
1280 475 1435 528 opus,
1456 475 1569 516 nec
1586 462 1743 514 etiam
1761 463 1967 529 quaein
1986 476 2102 529 cap.
2128 466 2179 516 6.

307 537 372 590 de
400 537 662 592 miraculis
692 539 840 591 tertio
867 538 980 590 loco
1009 537 1424 608 ostendier-1³²).
1498 540 1583 592 19.
1622 537 1821 592 Sufficit
1844 553 1954 592 rem
1982 545 2183 592 tanturn

305 615 552 681 indicare,
591 622 651 668 ut
667 630 802 682 qnae
823 614 888 667 de
907 615 988 668 his
1007 615 1089 668 hie
1108 615 1279 668 dicere
1296 615 1556 678 volumus,
1599 615 1785 670 melius
1802 615 2182 682 intelligantur:

307 705 494 758 nempe
511 691 654 758 qnod
671 694 885 744 verbum
903 693 1038 760 Dei,
1079 692 1291 759 quando
1310 692 1375 746 de
1394 692 1628 746 subiecto
1646 693 1821 761 aliquo
1838 693 2179 761 praedicatur,

306 768 448 836 quod
469 783 573 822 non
593 769 666 822 sit
681 770 798 838 ipse
814 771 959 824 Deus
973 808 988 833 ,
1011 771 1214 838 proprie
1230 769 1485 837 significat
1502 770 1669 838 legem
1686 771 1827 824 illam
1847 770 2071 824 divinam
2090 771 2185 841 (de

305 859 408 912 qna
436 846 492 898 in
518 849 572 900 4.
591 859 708 914 cap.
741 848 996 916 egimus),
1036 847 1136 900 hoc
1162 855 1272 911 est,
1309 847 1613 915 religionem
1637 850 1729 902 toti
1754 847 1985 902 humano
2010 850 2185 916 generi

308 923 649 976 universalem
677 925 788 978 sive
817 923 1148 992 catholicam3
1185 939 1291 992 qua
1316 925 1381 978 de
1412 940 1468 977 re
1495 924 1609 980 vide
1634 924 1819 978 Esaiae
1836 940 1952 993 cap.
1977 929 2025 980 1.
2050 940 2181 979 vers.

309 999 394 1052 1⁰.
423 1005 554 1062 etc„
593 999 686 1054 ubi
714 1016 890 1056 verum
925 1002 1127 1056 vivendi
1164 1001 1383 1054 modum
1420 1002 1599 1065 docet,
1636 1004 1727 1069 qni
1760 1003 1957 1056 scilicet
1991 1018 2097 1056 non
2132 1004 2187 1055 in

305 1077 640 1142 ceremoniis,
678 1077 774 1130 sed
809 1079 864 1132 in
897 1081 1104 1134 caritate
1131 1089 1180 1134 et
1206 1094 1327 1134 vero
1354 1080 1529 1135 animo
1556 1081 1820 1146 consistit,
1860 1093 2085 1148 eumque
2110 1081 2189 1133 le-

305 1168 424 1222 gem
441 1160 493 1206 et
509 1153 724 1208 verbnm
740 1157 840 1210 Dei
866 1159 1163 1223 promiscue
1194 1163 1359 1212 vocet.
1430 1158 1519 1212 20.
1558 1158 1795 1210 sumitur
1809 1157 2001 1210 deinde
2018 1165 2186 1211 meta-

304 1231 514 1299 phorice
541 1246 634 1298 pro
661 1233 776 1299 ipso
796 1239 1010 1288 naturae
1027 1235 1208 1288 ordine
1223 1241 1279 1286 et
1296 1234 1401 1286 fato
1423 1233 1577 1302 (quia
1596 1248 1770 1289 revera
1786 1233 1853 1286 ab
1870 1242 2079 1288 aeterno
2096 1235 2184 1288 di-

306 1310 452 1364 vinae
487 1315 702 1364 naturae
735 1308 938 1366 decreto
977 1311 1171 1381 pendet
1185 1318 1238 1364 et
1267 1312 1556 1378 seqnitur),
1596 1317 1649 1364 et
1670 1314 1948 1379 praecipue
1978 1328 2073 1379 pro
2100 1327 2184 1376 eo,

305 1386 450 1454 quod
473 1386 634 1441 huius
661 1387 862 1440 ordinis
889 1389 1168 1456 prophetae
1195 1388 1574 1456 praeviderant,
1613 1387 1773 1454 idque
1808 1391 1929 1454 qnia
1963 1390 2067 1456 ipsi
2102 1405 2187 1442 rea

307 1464 506 1518 futuras
533 1479 630 1530 per
659 1478 844 1518 musae
879 1467 1142 1519 naturales
1171 1482 1279 1518 non
1298 1458 1675 1533 percipiebant,
1712 1465 1806 1518 sed
1828 1476 2075 1532 tanquam
2090 1467 2188 1517 Dei

305 1541 492 1608 placita
518 1541 596 1595 vel
624 1539 846 1596 decreta.
917 1545 1005 1599 21.
1041 1543 1246 1598 Deinde
1277 1545 1433 1596 etiam
1460 1543 1691 1596 sumitur
1716 1557 1809 1610 pro
1838 1545 1981 1596 omni
2000 1545 2186 1595 cuius-

305 1633 512 1686 cunque
528 1618 804 1686 prophetae
817 1620 1002 1684 edicto,
1017 1629 1277 1688 quatenus
1290 1621 1343 1672 id
1364 1619 1611 1687 singulari
1626 1634 1724 1673 sua
1742 1621 1931 1673 virtute
1950 1621 2027 1672 vel
2050 1620 2185 1672 dono

305 1695 601 1765 prophetico
613 1735 630 1760 ,
661 1703 714 1752 et
731 1712 834 1754 non
854 1712 914 1751 ex
931 1700 1193 1755 communi
1213 1697 1433 1753 naturali
1454 1697 1649 1751 lumine
1668 1704 1988 1765 perceperat,
2028 1697 2186 1765 idque

304 1774 664 1841 potissimum,
703 1776 822 1841 quia
853 1790 1024 1829 revera
1050 1780 1220 1831 Deum
1263 1786 1507 1843 tanquam
1542 1775 1889 1843 legislatorem
1922 1777 2186 1843 percipere

305 1851 542 1910 solebant
556 1852 854 1920 prophetae,
893 1861 952 1905 ut
969 1868 1082 1921 cap.
1103 1857 1156 1908 4.
1177 1854 1507 1907 ostendimus
1524 1854 1603 1921 ⁸).
1672 1856 1762 1909 22.
1800 1853 1993 1905 Tribus
2010 1854 2186 1921 itaque

305 1928 386 1981 liis
404 1927 469 1980 de
487 1930 664 1981 causis
681 1930 946 1998 Scriptura
965 1930 1176 1983 verbum
1193 1932 1289 1983 Dei
1309 1930 1621 1999 appellatur:
1660 1944 1851 1997 nempe
1870 1931 1991 1996 qnia
2012 1946 2183 1984 veram

305 2007 454 2059 docet
482 2006 812 2073 religionem,
853 2008 1004 2061 cuius
1030 2009 1176 2061 Deus
1206 2015 1451 2061 aeternus
1485 2016 1563 2060 est
1597 2015 1773 2063 auctor
1784 2024 1799 2068 ς
1840 2007 2029 2059 deinde
2064 2010 2185 2074 quia

305 2083 688 2150 praedictiones
707 2099 877 2139 rerum
899 2085 1188 2137 suturarum
1209 2092 1455 2150 tanquam
1466 2086 1563 2137 Dei
1582 2085 1783 2138 decreta
1805 2090 2001 2147 ιιι-ταις
2024 2094 2075 2136 et
2090 2084 2187 2137 de-

306 2161 464 2227 niqne
483 2161 608 2226 qnia
627 2162 666 2213 ii
679 2201 694 2225 ,
735 2163 828 2228 qui
846 2175 1022 2215 revera
1041 2162 1254 2217 fuerunt
1273 2164 1389 2215 eius
1406 2171 1659 2227 auctores,
1700 2168 1759 2212 nt
1774 2162 2058 2227 plurimum
2078 2176 2183 2214 non

305 2252 364 2289 ex
383 2239 649 2291 communi
671 2238 892 2291 naturali
910 2240 1126 2301 lumIne,
1151 2240 1243 2291 sed
1263 2239 1489 2305 quodam
1510 2238 1611 2292 sibi
1632 2238 1877 2306 peculiari
1896 2237 2187 2291 docuerunt

304 2323 354 2367 et
379 2316 551 2368 Deum
579 2316 758 2373 eadem
796 2316 1092 2383 loquentem
1129 2316 1540 2369 introduxerunt.
1612 2317 1680 2370 Et
1716 2316 1951 2382 quamvis
1986 2323 2187 2384 praeter

303 2389 430 2443 haec
447 2389 598 2460 plura
618 2394 670 2445 in
691 2394 952 2459 Scriptura
981 2395 1367 2456 contineantur,
1406 2408 1539 2461 qnae
1568 2408 1708 2447 mere
1735 2393 1975 2447 historica
1996 2401 2121 2445 eunt
2138 2402 2188 2445 et

304 2483 362 2520 ex
396 2469 598 2524 lumine
633 2471 847 2523 naturali
884 2478 1154 2539 percepta,
1213 2485 1405 2523 nomen
1444 2479 1612 2525 tamen
1650 2487 1681 2524 a
1718 2472 1913 2539 potiore
1939 2472 2183 2524 sumitur.

303 2546 390 2600 23.
428 2546 602 2613 Atque
621 2547 742 2601 hinc
759 2547 910 2601 facile
930 2550 1260 2615 percipimus„
1288 2563 1390 2615 qua
1408 2550 1603 2601 ratione
1621 2551 1765 2602 Dens
1783 2556 1961 2601 auctor
1976 2549 2181 2601 Biblio-

305 2637 419 2678 rntn
439 2624 509 2677 sit
527 2622 921 2691 intelligendus,
961 2640 1150 2693 nempe
1180 2634 1391 2693 propter
1413 2641 1583 2679 veram
1604 2627 1934 2696 religionem,
1974 2628 2183 2693 quaein

303 2700 368 2753 iis
386 2700 626 2763 doceturt
665 2710 717 2755 at
746 2717 850 2755 non
876 2703 1020 2769 quod
1046 2703 1262 2757 voluerit
1288 2711 1483 2756 certum
1514 2718 1789 2757 numerum
1810 2704 2057 2757 librorum
2078 2702 2181 2754 lno-

303 2777 536 2836 minibus
561 2782 964 2836 communicare.
1032 2782 1122 2838 24.
1153 2780 1356 2835 Deinde
1381 2781 1503 2835 irinc
1529 2783 1681 2836 etiam
1709 2783 1841 2834 scire
1875 2792 2179 2847 possumus,

405 2985 452 3036 1)
486 2984 587 3029 vid.
609 2996 711 3040 cap.
734 2987 772 3026 1.
793 2987 836 3038 ς.
855 2986 922 3027 28.
940 2997 1043 3042 sqq.

403 3046 448 3097 2)
483 3042 590 3091 vid.
611 3056 714 3101 cap.
733 3046 773 3087 6.
793 3047 838 3098 3.
855 3046 923 3087 39.
944 3056 1046 3102 sqq.

404 3104 448 3159 2)
484 3104 584 3151 Vin.
608 3116 711 3162 cap.
732 3108 771 3148 4.
794 3104 1005 3163 inprimis
1025 3108 1068 3161 ς.
1087 3107 1156 3153 37.

1654 3172 1758 3229 ¹2*
