2548 3485
301 223 309 231 ⁶
355 154 438 211 ⁷4
748 157 1138 203 Tnac'ra‘rus
1158 156 1835 205 ›Tunezoelco-rom'r.

356 419 535 483 CAP.
573 422 649 482 V.
739 423 1108 496 Deratione,
1147 441 1247 483 cur
1276 424 1645 483 ceremoniae
1668 420 1973 481 institutae
2006 421 2240 493 suerint,

408 530 468 583 et
504 525 581 583 de
617 525 730 585 fide
774 526 1172 597 historiarum,
1218 546 1433 606 nempe
1464 538 1585 604 ‘qua
1621 526 1843 586 ratione
1879 531 1941 585 et
1976 518 2191 603 quibus

1003 649 1078 689 ea
1111 629 1455 689 necessaria
1498 629 1592 688 sit.

459 797 516 846 In
538 796 802 861 superiore
821 799 986 865 capite
1003 798 1345 864 ostendimus,
1386 798 1551 865 legem
1570 796 1816 860 divinam,
1855 812 1989 863 quae
2006 795 2241 849 lio-ines

358 888 472 927 vere
493 872 671 941 beatos
693 874 860 926 reddit
877 882 928 927 et
946 888 1114 927 veram
1135 878 1291 929 vitam
1311 876 1490 937 docet,
1530 874 1773 926 omnibus
1800 888 1916 927 esse
1944 874 2241 926 hominibus

359 950 726 1013 universalem;
768 953 871 1003 imo
901 946 1015 1005 eam
1043 968 1100 1005 ex
1126 953 1353 1005 humana
1385 960 1565 1004 natura
1582 953 1652 1003 ita
1672 950 2005 1015 deduximus,
2046 958 2102 1003 ut
2126 952 2241 1018 ipsa

359 1026 614 1080 humanae
634 1030 792 1079 menti
811 1031 990 1083 innata
1009 1038 1060 1081 et
1077 1032 1226 1095 quasi
1244 1031 1495 1095 >inscripta
1513 1029 1847 1081 existimanda
1866 1030 1953 1080 sit.
1990 1031 2043 1085 2.
2066 1030 2241 1092 Quum

359 1111 532 1156 autem
554 1106 891 1170 ceremoniae,
914 1122 1004 1159 eae
1023 1107 1227 1171 saltem,
1251 1121 1387 1173 quae
1405 1105 1663 1159 habentur
1680 1108 1735 1158 in
1758 1109 1921 1159 vetere
1938 1111 2244 1158 testamento

361 1181 610 1233 Hebraeis
643 1189 841 1235 tantum
875 1186 1139 1236 institutae
1169 1192 1221 1237 et
1255 1198 1436 1235 eornm
1473 1185 1687 1251 imperio
1726 1185 1794 1235 ita
1834 1183 2246 1251 accommodatae

359 1260 586 1322 fuerint,
620 1268 678 1311 nt
705 1262 926 1313 maxima
951 1276 1009 1314 ex
1037 1270 1179 1328 parte
1209 1262 1276 1315 ab
1297 1264 1535 1313 universa
1554 1263 1825 1333 societate,
1864 1267 2163 1311 nouantem
2180 1258 2245 1310 ab

359 1352 675 1402 unoquoque
695 1340 912 1409 exerceri
933 1340 1224 1404 potuerint,
1265 1346 1462 1404 certum
1484 1346 1579 1405 est,
1624 1353 1711 1389 eas
1731 1337 1795 1388 ad
1824 1338 1990 1402 legem
2020 1337 2245 1388 divinam

362 1429 468 1464 non
487 1415 740 1480 pertinere
754 1454 768 1477 ,
801 1415 1033 1483 adeoque
1052 1430 1146 1467 nec
1165 1417 1318 1468 etiam
1337 1416 1401 1467 ad
1424 1414 1794 1486 beatitudinem
1816 1421 1869 1465 et
1884 1415 2123 1465 virtutem
2140 1414 2243 1465 ali-

361 1492 488 1556 quid
507 1489 698 1551 facere3
738 1492 832 1543 sed
849 1507 940 1545 ens
961 1494 1124 1545 solam
1141 1492 1497 1545 Hebraeorum
1524 1493 1853 1554 electionem,
1892 1491 1990 1542 hoc
2018 1498 2096 1542 est
2126 1490 2247 1557 (per

361 1584 420 1619 ea
434 1608 448 1631 ,
488 1583 619 1633 qnae
654 1571 708 1620 in
746 1571 894 1621 tertio
931 1584 1046 1636 cap.
1085 1567 1463 1636 ostendimus),
1515 1569 1678 1623 solam
1716 1568 1945 1634 corporis
1984 1574 2248 1635 tempora-

361 1660 510 1697 neam
541 1644 835 1701 felicitatem
863 1652 914 1697 et
945 1647 1148 1713 imperii
1173 1648 1593 1713 tranquillitatem
1622 1646 1904 1713 respicere,
1947 1638 2246 1711 propterea-

362 1736 462 1789 que
501 1737 603 1775 non
641 1721 741 1775 nisi
779 1730 946 1776 stante
982 1738 1160 1777 eorum
1197 1725 1413 1792 imperio
1459 1724 1614 1776 ullius
1652 1738 1783 1776 usus
1828 1737 1943 1774 esse
1987 1724 2244 1789 petuisse.

363 1801 410 1851 3.
455 1801 510 1850 Si
541 1815 628 1852 eae
657 1801 812 1865 igitur
838 1803 890 1852 in
921 1807 1088 1854 vetere
1118 1808 1425 1854 testamento
1456 1802 1519 1853 ad
1538 1801 1700 1867 legem
1721 1802 1817 1852 Dei
1838 1800 2149 1862 referantur,
2192 1801 2245 1852 id

361 1885 627 1944 propterea
656 1883 856 1928 tantum
885 1879 1013 1942 fuit,
1053 1881 1184 1945 quia„
1203 1894 1261 1930 ex
1290 1877 1591 1931 revelatione
1610 1879 1685 1930 vel
1707 1892 1765 1929 ex
1783 1877 2139 1930 fundamentis
2157 1893 2246 1928 re·-

331 2001 338 2006 .
363 1952 540 2005 velatis
561 1955 826 2007 institutae
845 1954 1074 2007 fuerunt.
1148 1955 1339 2006 Verum
1361 1957 1482 2021 quia
1506 1956 1651 2016 ratio,
1686 1955 1884 2018 tametsi
1908 1956 2244 2019 solidissima,

363 2030 503 2098 apud
536 2044 840 2084 communes
877 2032 1141 2098 theologos
1180 2047 1284 2084 non
1322 2033 1545 2084 multum
1584 2032 1741 2094 valet,
1781 2031 1926 2083 lubet
1952 2031 2035 2084 hic
2062 2033 2244 2096 haec,

362 2123 525 2174 quae
572 2107 754 2160 modo
799 2116 986 2160 osten
1005 2109 1238 2172 dimne,
1300 2110 1675 2175 Scripturae
1725 2109 1913 2161 etiam
1961 2110 2248 2162 auctori-

364 2193 494 2236 tate
534 2185 690 2237 conf
693 2187 948 2249 irmare;
989 2194 1040 2238 et
1067 2185 1254 2238 deinde
1284 2186 1345 2237 ad
1369 2188 1611 2238 maiorem
1634 2187 2045 2254 perspicuitatem
2066 2194 2249 2236 osten-

365 2264 484 2314 dere
507 2303 520 2325 ,
570 2277 697 2328 qua
744 2265 990 2315 ratione
1035 2271 1097 2314 et
1131 2263 1451 2330 quomodo
1490 2265 1890 2316 ceremoniae
1929 2263 2001 2314 ad
2038 2264 2249 2330 impe-

271 2332 276 2338 ’
364 2341 525 2391 rium
564 2340 938 2392 Iudaeorum
983 2339 1453 2392 stabiliendum
1500 2348 1558 2391 et
1602 2338 2105 2392 conservandum
2146 2339 2250 2392 in-

365 2433 390 2468 s
405 2432 432 2467 e
445 2418 533 2468 rvi
545 2431 572 2468 e
584 2416 617 2468 h
631 2415 659 2468 a
673 2432 704 2466 n
716 2424 753 2467 t.
921 2473 930 2482 ‚
1195 2426 1202 2432 '
2107 2436 2111 2440 ·

468 2497 519 2544 4.
558 2495 740 2546 Esaias
768 2493 898 2545 nihil
927 2493 1114 2546 clarius
1143 2495 1321 2557 docet,
1359 2508 1515 2561 quam
1545 2493 1683 2559 quod
1715 2493 1789 2545 lex
1816 2493 1985 2545 divina
2014 2491 2249 2543 absolute

368 2563 574 2637 sumpta
601 2570 850 2636 significet
877 2572 1014 2623 illam
1047 2571 1209 2637 legem
1239 2571 1609 2636 universalem,
1649 2585 1779 2636 quae
1808 2572 1861 2621 ln
1893 2584 2005 2621 vera
2048 2568 2247 2622 vivendi

265 2661 277 2680 ·
369 2651 560 2700 ratione
591 2649 850 2709 consistit,
891 2662 995 2699 nou
1027 2655 1199 2699 autem
1229 2650 1566 2700 ceremonias.
1638 2647 1816 2714 Capite
1846 2647 2057 2698 enimi.
2089 2661 2137 2697 v.
2163 2645 2245 2698 10.

369 2727 614 2793 propbeta
638 2732 844 2790 >gentem
876 2739 1025 2775 suam
1051 2731 1198 2776 vocat
1224 2727 1288 2776 ad
1317 2726 1479 2790 legem
1508 2725 1728 2776 divinam
1756 2739 1814 2774 ex
1835 2724 1893 2775 se
1913 2723 2243 2782 audiendam,

368 2818 427 2852 ex
455 2817 556 2868 qua
585 2803 728 2867 prius
756 2801 928 2852 omnia
955 2801 1320 2853 sacrificiorum
1351 2815 1533 2867 genera
1561 2801 1783 2852 secludit
1807 2807 1857 2852 et
1882 2803 2054 2853 omnia
2094 2798 2243 2860 festa,

367 2886 420 2927 et
447 2877 664 2930 'tandem
688 2880 864 2946 legem
899 2881 1067 2945 ipsam·
1107 2878 1255 2930 docet
1283 2877 1423 2945 (vide
1441 2893 1487 2931 v.
1512 2878 1595 2940 16.
1620 2877 1736 2947 17.)
1775 2886 1930 2943 atque
1957 2877 2042 2928 his
2069 2877 2250 2944 paucis
2340 2913 2347 2919 .

371 2954 788 3019 comprehendit,
827 2969 1012 3022 nempe
1039 2956 1090 3006 in
1113 2954 1468 3021 purificatione
1488 2956 1650 3007 animi
1669 2961 1719 3007 et
1737 2956 1937 3007 virtutis
1957 2955 2064 3007 sive
2083 2954 2251 3005 hona-

341 3061 346 3066 ·
372 3043 487 3079 rum
506 3031 763 3082 actionum
783 3047 884 3084 usu
905 3047 1000 3084 sen
1018 3030 1195 3084 habitu
1208 3071 1222 3094 ,
1263 3039 1317 3082 et
1345 3032 1569 3098 denique
1586 3033 1729 3100 inopi
1747 3032 1993 3084 auxilium
2012 3030 2247 3082 ferendo.

376 3105 424 3154 5.
451 3104 560 3156 Nec
579 3106 749 3158 minus
767 3107 1085 3161 luculentum
1108 3109 1460 3163 testimonium
1480 3115 1560 3162 est
1576 3109 1705 3162 illud
1722 3109 1914 3162 Psalmi
1936 3109 2021 3160 40.
2040 3121 2092 3160 v.
2113 3107 2165 3158 7.
2192 3108 2245 3160 9.
