2548 3485
1058 190 1197 237 car.
1248 169 1437 238 xm.
2059 184 2184 245 245

309 368 603 425 decretandi
616 406 631 434 ,
672 369 765 423 sed
784 375 985 422 tantam
1002 375 1209 422 assueta
1224 375 1280 422 et
1298 370 1501 436 recepta
1521 365 1986 419 administrandi-et
2003 366 2188 418 defen-

309 448 489 501 dendi.
558 448 689 500 Nam
717 446 860 499 nulla
888 447 986 501 alia
1014 447 1211 499 ratione
1248 446 1538 499 libertatem
1565 458 1717 497 suam
1745 444 1918 495 invitis
1944 444 2190 511 principi·

309 525 413 578 bus
452 538 749 577 conservare
785 530 896 575 tuto
936 530 1195 592 poterant,
1236 524 1342 575 nisi
1378 523 1520 588 leges
1555 522 1878 588 incorruptas
1913 520 2184 572 servando.

310 604 363 655 8.
403 603 473 655 At
498 607 771 669 postquam
800 608 1105 670 potestatem
1134 602 1288 652 etiam
1315 598 1382 651 ad
1407 599 1614 667 imperii
1644 599 1846 664 negotia
1865 596 2188 649 tractandum

312 680 501 745 iusque
528 678 851 745 principatus
877 679 1013 730 iuxta
1044 678 1400 745 pontificatum
1427 675 1602 744 adepti
1631 682 1782 736 suut,
1821 676 2190 740 uuusquisque

314 762 418 807 tam
458 756 513 807 in
551 755 824 821 religione,
861 768 1019 821 quam
1054 756 1109 807 in
1140 755 1354 821 reliquis
1383 753 1467 806 sui
1495 754 1726 804 nominis
1754 751 1970 819 gloriam
1997 752 2191 819 incepit
2303 743 2310 755 '

311 845 582 901 quaerere,
624 832 797 884 omnia
836 832 1033 884 scilicet
1058 832 1339 899 pontificali
1379 832 1678 883 auctoritate
1715 827 2108 881 determinando
2139 833 2192 878 et

313 908 543 974 quotidie
560 922 693 961 nova
714 890 778 961 de
794 910 1129 973 ceremoniis,
1160 909 1223 961 de
1243 909 1344 962 lide
1363 914 1416 961 et
1431 906 1678 959 omnibus
1697 905 2032 968 decretando,
2057 918 2191 970 quae

310 1000 415 1037 non
445 987 619 1039 minus
648 999 822 1048 sacra,
863 1000 961 1039 ncc
986 988 1203 1039 minoris
1221 984 1544 1038 auctoritatis
1561 998 1677 1036 esse
1695 984 1996 1044 voluerunt,
2033 994 2194 1049 quam

314 1063 455 1129 leges
480 1064 668 1115 Masis.
743 1064 795 1115 9.
832 1060 907 1117 Ex
939 1077 1042 1130 quo
1071 1065 1292 1128 factum,
1335 1070 1393 1114 ut
1411 1062 1586 1127 religio
1603 1062 1658 1113 in
1680 1059 1988 1113 exitiabilem
2007 1072 2194 1125 super-

310 1141 575 1192 stitionem
606 1140 908 1204 declinaret,
950 1147 1003 1192 et
1027 1141 1201 1207 legum
1229 1154 1380 1192 verus
1411 1152 1601 1192 sensus
1627 1146 1678 1189 et
1703 1137 2056 1203 interpretatio
2077 1149 2195 1187 cor-

311 1222 665 1285 rumperetur3
702 1216 769 1269 ad
799 1216 937 1283 quod
972 1219 1127 1269 etiam
1156 1219 1395 1280 accessit,
1437 1216 1582 1284 quod
1608 1216 1734 1267 dum
1763 1212 2032 1280 pontifices
2059 1213 2192 1263 viam

312 1294 377 1345 ad
398 1293 745 1361 principatum
774 1295 827 1345 in
846 1295 993 1347 initio
1014 1296 1407 1346 restaurationis
1425 1291 1751 1353 affectabant,
1783 1292 1974 1353 omnia,
2005 1297 2064 1340 ut
2079 1289 2196 1355 ple-

314 1370 437 1423 bem
470 1370 535 1421 ad
570 1384 629 1422 se
666 1371 950 1434 traherent,
990 1370 1418 1432 assentabantur3
1458 1368 1627 1437 plebis
1656 1368 1859 1428 scilicet
1895 1368 2055 1429 tacta,
2095 1366 2192 1419 etsi

314 1448 496 1513 impia,
510 1446 842 1514 approbando
860 1449 1237 1516 etScriptnram
1255 1448 1502 1515 pessimis
1522 1447 1636 1499 eius
1656 1443 1894 1497 moribus
1905 1458 2196 1497 accommo-

317 1523 509 1577 dando.
581 1525 665 1577 1⁰.
704 1524 860 1587 Quod
886 1524 1099 1591 quidem
1116 1525 1402 1578 Malachias
1421 1525 1486 1577 de
1503 1525 1571 1575 iis
1591 1522 2006 1589 conceptissimis
2026 1519 2198 1573 verbis

318 1608 555 1653 testatur.
624 1602 681 1653 Is
706 1601 873 1664 enim,
915 1609 1187 1668 postquam
1210 1603 1504 1654 sacerdotes
1523 1602 1608 1653 sui
1635 1599 1887 1666 temporis
1915 1598 2193 1665 increpuit,

316 1692 415 1729 eos·
438 1678 531 1728 Dei
560 1678 791 1729 nominis
822 1685 1201 1746 contemptores
1232 1678 1564 1747 appellando,
1609 1678 1684 1729 sic
1703 1690 1793 1729 eos
1811 1676 2060 1740 castigare
2077 1688 2201 1741 per-

321 1758 397 1821 git
412 1757 463 1820 ¹)
476 1773 491 1804 ε
537 1755 708 1807 Labia
744 1758 1017 1822 pontificis
1062 1757 1367 1808 custodiunt
1405 1759 1682 1808 scientiam
1717 1759 1772 1806 et
1803 1754 1894 1805 lex
1929 1769 2001 1804 em
2033 1755 2200 1819 ipsius

319 1847 409 1883 ore
434 1835 716 1897 quaeritur
724 1869 741 1897 ,
780 1835 911 1899 quia
929 1834 1037 1884 Dei
1060 1836 1337 1886 massadae
1355 1838 1451 1885 eat.
1521 1834 1598 1885 At
1613 1848 1703 1884 vos
1721 1833 2012 1884 recessistis
2027 1845 2062 1880 a
2082 1833 2197 1893 via,-

312 1909 545 1978 feeistis,
566 1912 630 1958 ut
646 1908 737 1958 ἰοει-
750 1909 931 1962 multia
952 1917 1088 1964 earet
1106 1911 1422 1978 qffmdiculo
1435 1930 1458 1974 ,-
1484 1914 1706 1977 pactum
1725 1909 1853 1960 Levi
1869 1909 2195 1974 corrupistis,

320 1987 404 2035 ait
418 1985 565 2035 Deua
578 1987 928 2038 exercitum.
962 1987 1031 2040 Et
1046 1989 1127 2040 sic
1144 2003 1300 2057 porro
1318 2002 1409 2039 eos
1430 2000 1674 2040 accusare
1691 1987 1874 2052 pergit,
1897 1984 2037 2050 quod
2057 1983 2200 2049 leges

318 2061 383 2112 ad
403 2059 613 2112 libitum
634 2061 1100 2130 interpretabantur
1113 2067 1135 2128 ,“
1170 2072 1221 2118 et
1240 2064 1433 2116 nullam
1453 2064 1552 2116 Dei
1571 2064 1818 2114 rationem
1833 2099 1846 2122 ,
1887 2061 1980 2112 sed
1999 2068 2199 2111 tantum

320 2151 663 2206 personarum
684 2138 959 2191 habebant.
1033 2141 1119 2194 11.
1153 2140 1227 2193 At
1252 2149 1450 2192 certum
1470 2147 1578 2202 est,
1602 2137 1872 2206 pontifices
1890 2136 2018 2190 haee
2033 2150 2200 2188 num-

320 2230 477 2281 quam
498 2223 605 2267 tam
624 2222 771 2266 caute
790 2214 957 2268 facere
977 2219 1209 2285 potuisse
1221 2257 1236 2280 ,
1276 2227 1338 2270 ut
1353 2233 1383 2270 a
1403 2214 1822 2284 prudentioribus
1841 2229 1944 2266 non
1961 2215 2201 2266 animad—

320 2299 658 2357 verterentur,
682 2293 775 2358 qul
795 2293 1011 2360 proinde
1025 2333 1039 2356 ‚
1061 2302 1324 2347 crescente
1344 2294 1554 2347 audacia
1571 2335 1584 2357 ,
1607 2292 2010 2354 contenderunt,
2033 2291 2202 2343 nullas

324 2369 453 2420 alias
479 2369 619 2436 leges
636 2369 801 2420 teneri
822 2368 1039 2433 debere,
1080 2386 1237 2439 quam
1258 2387 1393 2438 qnae
1411 2372 1631 2438 scriptae
1651 2377 1820 2430 erant3
1861 2376 2089 2421 ceterum·
2107 2369 2204 2421 de·-
2307 2413 2316 2428 ,

324 2452 485 2508 creta,
525 2459 659 2512 quae
687 2444 887 2512 decepti
906 2447 1170 2500 Pharisaei
1193 2450 1338 2516 (qui,
1372 2448 1772 2514 utlosephusiu
1790 2446 2203 2512 Antiquitatibus

322 2522 479 2574 babet
490 2522 563 2586 ὃ),
577 2535 637 2572 ex
654 2525 916 2574 communi
939 2524 1089 2592 plebe
1114 2528 1330 2578 maxime
1349 2524 1678 2589 constabant)
1689 2525 1988 2576 traditiones
1999 2531 2202 2591 patrum

322 2597 595 2664 vocabant,
637 2600 851 2652 minime
870 2601 1209 2655 custodienda
1227 2617 1364 2655 esse.
1442 2603 1527 2658 12.
1564 2601 1826 2668 Quicquid
1847 2602 2028 2662 tuerit,
2059 2600 2202 2652 nullo

323 2674 479 2730 modo
507 2689 789 2742 possumus
820 2677 1083 2743 dubitare,
1114 2681 1245 2746 quin
1262 2679 1570 2747 pontificum
1590 2680 1816 2732 adulatio
1833 2717 1848 2740 ,
1873 2678 2132 2742 religionis
2151 2683 2202 2728 et

323 2755 497 2818 legum
517 2755 777 2821 corruptio
792 2793 807 2816 ,
843 2753 1131 2824 harumque
1150 2756 1470 2811 incredibilis
1487 2755 1832 2824 augmentatio
1851 2767 2087 2818 magnam
2109 2753 2204 2804 ad-

323 2830 541 2884 modum
590 2837 643 2880 et
685 2832 1009 2899 frequentem
1046 2835 1372 2886 occasionem
1409 2835 1642 2888 dederint
1677 2828 2118 2898 disputationibus
2153 2836 2205 2880 et

322 2906 763 2973 altercationibus,
786 2923 918 2975 quae
936 2925 1223 2978 numquam
1242 2914 1480 2980 componi
1498 2916 1794 2979 potuerunt.
1839 2907 1970 2959 Nam
1989 2904 2080 2959 ubi
2097 2906 2199 2958 bo-

429 3103 474 3154 1)
504 3102 603 3147 Vid.
624 3102 825 3148 Malaca.
844 3105 887 3158 2,
907 3106 947 3146 τ.
967 3107 1008 3148 8.

322 3205 329 3210 .
428 3164 473 3216 2)
499 3161 599 3208 Vid.
620 3162 809 3220 Ioseph.
830 3163 933 3209 Ant.
955 3165 1022 3224 15,
1043 3168 1107 3210 1⁰.
