2548 3485
351 167 432 229 36
744 173 1136 219 TRACTATUS
1174 172 1576 222 THEOLomco
1590 174 1833 219 -Pom‘r,

297 370 302 375 ·
353 351 452 403 fuit
471 344 682 405 vastatio
699 353 1118 419 Hierosolymam
1153 367 1310 420 quam
1332 353 1485 403 etiam
1508 351 1645 403 idem
1668 366 1749 403 rex
1767 368 1827 404 ex
1844 347 2064 411 oraculis
2084 351 2243 404 intel-

352 429 471 480 lexit
499 437 550 481 et
582 445 640 481 ex
669 430 944 481 directione
973 432 1302 497 sagittarum,
1348 444 1479 495 quas
1509 444 1717 481 sursum
1738 432 1791 481 in
1813 434 1979 483 aerem
2002 430 2237 496 proiecit.

355 507 626 574 Prophetis
655 506 870 570 deinde,
914 509 1002 573 qui
1033 502 1310 559 credebant
1349 507 1585 559 homines
1614 521 1673 557 ex
1709 508 1867 559 libera
1906 508 2155 559 electione
2192 514 2243 558 et

355 586 560 651 propria
587 586 816 651 potentia
845 599 1022 651 agere,
1060 586 1204 639 Deus
1223 592 1282 635 ut
1298 584 1598 636 indifferens
1620 585 1937 638 revelabatur
1954 592 2005 637 et
2023 594 2082 637 ut
2100 584 2246 636 futu-

357 658 527 712 rarum
557 661 899 713 humanarum
932 663 1191 717 actionum
1225 663 1443 713 inscius·
1520 664 1665 726 Quae
1686 664 1857 714 omnia
1877 679 1936 755 ex
1970 665 2079 730 ipsa
2104 663 2271 715 Scri-'

355 732 506 805 ptura
527 739 859 805 singulatim
843 755 943 790 iam
965 739 1458 791 demonstrabimus„

461 816 544 868 16.
585 817 818 868 Primum
856 818 1009 885 igitur
1045 823 1244 867 cons'tat
1281 831 1341 868 ex
1376 816 1465 867 illo
1504 831 1627 867 casu
1662 816 1833 868 Elisae
1875 817 2016 884 (vide
2041 818 2243 882 Regum

357 891 450 943 lib.
479 894 532 943 2.
563 906 677 961 cap.
709 895 762 946 3.
793 906 840 946 v.
866 893 1012 963 15.),
1052 896 1174 961 qui,
1212 901 1270 943 ut
1302 893 1569 944 lehoramo
1605 894 1951 962 prophetaret,
1994 909 2245 960 organum

359 968 530 1035 petiit,
572 985 667 1021 nec
693 972 787 1022 Dei
818 980 1042 1023 mentem
1075 972 1338 1038 percipere
1365 972 1572 1041 potuit,-
1604 972 2010 1038 nisipostquam
2048 972 2249 1022 musica

360 1048 536 1112 organi
579 1048 861 1100 delectatus
899 1048 1021 1107 suit;
1065 1055 1174 1099 tum
1216 1048 1427 1099 demum
1466 1049 1731 1100 lehoramo
1768 1063 1887 1099 cum
1927 1050 2081 1101 sociis
2120 1049 2249 1099 laeta

359 1123 636 1190 praedixit,
679 1124 819 1191 quod
851 1132 999 1176 antea
1027 1126 1322 1191 contingere
1352 1126 1582 1191 nequiit,-
1628 1128 1745 1191 quia
1776 1128 1879 1192 regi
1916 1127 2079 1177 iratus
2110 1132 2244 1186 erat3

361 1208 410 1251 et
438 1202 527 1265 qui
556 1204 608 1253 in
638 1203 863 1269 aliquem
892 1203 1004 1253 irati
1025 1210 1174 1268 sunt,
1217 1204 1321 1269 apti
1344 1204 1551 1268 quidem
1576 1203 1782 1254 suntad
1804 1201 1965 1265 mala,
2007 1218 2109 1254 non
2131 1216 2250 1253 vero

361 1277 496 1329 bona
516 1277 580 1329 de
599 1277 788 1330 iisdem
809 1279 1220 1345 imaginandum.
1280 1280 1363 1331 17.
1395 1278 1546 1342 Quod
1568 1278 1737 1332 autem
1760 1282 1845 1332 alii
1865 1280 2031 1331 dicere
2052 1281 2247 1341 volunt,

290 1384 295 1389 -
362 1356 529 1407 Deum
560 1357 704 1409 iratis
735 1364 784 1407 et
815 1357 1047 1408 tristibus
1067 1362 1183 1409 'non
1209 1356 1449 1418 revelari,
1488 1358 1523 1407 ii
1554 1358 1765 1423 quidem
1804 1360 2093 1423 somniant3
2131 1372 2251 1408 nam

362 1433 506 1484 Deus
523 1434 736 1507 Mositin
756 1434 1076 1486 Pharaonem
1097 1436 1227 1485 irato
1247 1432 1483 1487 revelavit
1501 1436 1743 1485 miseram
1768 1434 1907 1486 illam
1928 1434 2249 1501 primogeni-

363 1519 536 1561 torum
565 1517 788 1578 stragem
818 1510 960 1578 (vide
987 1511 1153 1563 Exodi
1181 1524 1295 1577 cap.
1321 1511 1404 1562 11.
1435 1525 1483 1563 v.
1504 1511 1615 1579 8.),
1660 1511 1817 1577 idque
1848 1511 1991 1565 nullo
2020 1510 2253 1563 adhibito

367 1604 576 1655 organo.
647 1589 817 1640 Kaine
855 1590 1010 1641 etiam
1045 1589 1233 1640 furenti
1270 1588 1413 1639 Deus
1463 1588 1717 1641 revelatus
1753 1589 1923 1657 esst).
1995 1587 2253 1640 Ezechieli

367 1681 487 1733 prae
517 1667 589 1716 ira
618 1666 909 1731 impatienti
935 1666 1142 1718 miseria
1173 1672 1224 1716 et
1249 1667 1569 1717 contumacia
1591 1666 1901 1718 ludaeorum
1924 1665 2137 1718 revelata
2158 1666 2257 1715 t'uit

367 1740 506 1808 (vide
523 1742 811 1795 Ezechielis
827 1759 940 1810 cap.
959 1744 1011 1796 3.
1034 1759 1077 1797 v.
1095 1745 1204 1808 14.)
1219 1783 1232 1806 ,
1267 1750 1317 1794 et
1334 1745 1577 1796 Ieremias
1598 1745 1980 1796 moestissimus
2000 1751 2051 1796 et
2068 1740 2257 1808 magno

368 1822 498 1873 vitae
528 1820 696 1872 taedio
732 1828 914 1887 captus
951 1822 1265 1874 calamitates
1294 1821 1603 1872 Iudaeorum
1641 1821 1987 1889 prophetavit;
2030 1821 2157 1872 adeo
2196 1827 2255 1872 ut
2300 1865 2305 1871 .

369 1899 531 1949 losias
560 1912 680 1948 eum
709 1899 977 1950 consulere
1007 1899 1254 1964 noluerit,
1296 1897 1387 1948 sed
1411 1897 1656 1950 feminam
1678 1901 1724 1950 ei
1748 1906 2252 1965 contemporaneam,
2299 1900 2306 1906 '

369 1982 546 2042 utpote
565 1989 698 2041 quae
717 1990 777 2026 ex
795 1977 1000 2042 ingenio
1025 1975 1266 2027 muliebri
1290 1977 1455 2041 magis
1474 1984 1591 2042 apta
1612 1984 1749 2039 erat,
1789 1982 1850 2028 ut
1868 1977 1915 2027 ei
1932 1977 2029 2028 Dei
2051 1977 2259 2027 miseri-

372 2052 586 2104 ricordia
626 2053 945 2104 revelaretur.
1017 2053 1148 2105 Vide
1183 2051 1404 2119 Paralip.
1445 2052 1537 2105 lib.
1574 2056 1628 2108 2.
1668 2067 1780 2120 cap.
1812 2055 1899 2105 34.
1936 2068 1985 2106 v.
2014 2055 2099 2109 22.
2134 2067 2258 2118 sqq.

374 2130 458 2182 18.
499 2130 760 2183 Michaeas
787 2131 941 2181 etiam
971 2145 1238 2197 nunquam
1261 2129 1475 2182 Achabo
1506 2131 1699 2196 aliquid
1729 2129 1885 2193 honi,
1916 2131 2055 2196 quod
2086 2137 2261 2180 tamen

372 2209 456 2259 alii
486 2209 596 2273 veri,
630 2207 908 2273 prophetae
945 2207 1204 2269 fecerunt,
1242 2207 1303 2274 ut
1330 2215 1467 2273 patet
1494 2221 1553 2258 ex
1576 2209 1777 2273 Regum
1803 2207 1894 2262 lih'.
1920 2209 1969 2260 1.
2000 2221 2115 2274 cap.
2146 2207 2259 2270 20„

374 2284 466 2336 sed
497 2287 587 2335 toti
619 2285 734 2335 eius
761 2286 892 2335 vitae
927 2285 1061 2336 mala
1099 2284 1437 2351 prophetavit.
1509 2284 1641 2336 Vide
1671 2286 1694 2336 1
1717 2287 1847 2352 Reg.
1869 2299 1982 2352 cap.
2002 2286 2089 2338 22.
2111 2299 2160 2336 v.
2182 2285 2257 2346 8.,

375 2371 426 2412 et
445 2361 632 2412 clarius
651 2361 702 2410 in
735 2362 1007 2428 2Paralip.
1031 2376 1143 2427 cap.
1169 2360 1252 2412 18.
1284 2376 1332 2412 v.
1365 2361 1416 2414 7.
1488 2361 1782 2431 Prophetae
1801 2364 1974 2429 itaqu-e
2001 2375 2093 2428 pro
2125 2362 2263 2411 vario

378 2439 606 2505 corporis
627 2445 1030 2504 temperamento
1059 2440 1224 2504 magis
1253 2439 1317 2489 ad
1346 2439 1666 2504 liae‚,quam
1688 2439 1750 2490 ad
1770 2440 1893 2490 illas
1930 2439 2264 2500 revelationes

378 2523 524 2567 erant
543 2516 668 2582 apti.
747 2514 830 2566 19.
869 2514 1042 2582 stylus
1063 2515 1248 2568 deinde
1267 2516 1563 2582 prophetiae
1583 2531 1675 2583 pro
1696 2514 1983 2582 eloquentia
2005 2517 2265 2580 cuiusque

381 2593 656 2661 prophetae
683 2591 925 2644 variabat.
999 2593 1307 2660 Prophetiae
1339 2596 1476 2645 enim
1504 2593 1785 2644 Ezechielis
1823 2601 1874 2644 et
1900 2592 2114 2644 Amosis
2156 2603 2263 2643 non

381 2678 536 2734 sunt,
595 2678 654 2722 ut
692 2670 804 2720 illae
837 2669 1023 2722 Esaiae
1061 2687 1112 2722 ec
1145 2670 1401 2740 Nachumi
1440 2671 1695 2734 eleganti,
1752 2671 1843 2721 sed
1882 2670 2093 2722 rudiore
2132 2671 2265 2737 stylo

381 2751 620 2814 scriptae.
695 2747 762 2796 Et
788 2747 832 2796 si
858 2749 1004 2826 quis,
1046 2763 1138 2814 qm
1157 2749 1385 2814 linguam
1407 2747 1712 2799 Hebraicam
1734 2746 1910 2811 callet,
1944 2747 2071 2800 haec
2090 2749 2269 2801 curio-

382 2826 493 2875 sius
520 2824 774 2890 inspicere
801 2825 946 2888 velit,
972 2820 1214 2877 conserat
1249 2823 1589 2876 diversorum
1603 2825 1970 2892 prophetarum
2008 2822 2272 2892 quaedam

385 2899 449 2951 ad
476 2902 690 2951 invicem
721 2902 912 2967 capita,
945 2917 1078 2969 quae
1107 2901 1341 2954 eiusdem
1362 2908 1488 2954 sunt
1504 2901 1819 2970 argumenti,
1852 2910 1902 2954 et
1922 2917 2157 2969 magnam
2184 2917 2271 2954 re·-

391 2978 555 3042 periet
575 2991 628 3028 in
659 2976 788 3044 stylo
809 2978 1225 3076 discrepantiam.
1299 2980 1539 3031 Conferat
1556 2980 1670 3032 scil.
1696 2994 1810 3047 cap.
1834 2983 1883 3032 1.
1907 2980 2059 3032 aulici
2078 2981 2271 3032 Fsaiae

492 3137 536 3186 *)
567 3135 667 3180 Vid.
690 3135 802 3181 Gen.
821 3143 863 3189 4,
881 3142 920 3182 ⁵.
941 3153 1014 3198 sq.
