2548 3485
372 135 451 194 92
768 135 1156 182 Tnac'ra'rus
1194 135 1847 181 Tnnoroelco-rou'r.

368 317 470 367 iam
500 314 849 382 ostendimus)
877 312 939 365 ad
968 313 1167 365 infinita
1195 327 1254 364 se
1288 312 1566 365 extendunt
1599 320 1649 365 et
1683 312 1783 364 sub
1819 313 2043 379 quadam
2071 315 2242 380 specie

370 393 683 444 aeternitatis
709 406 737 442 a
768 391 919 443 nobis
946 392 1330 457 concipiuntur,
1369 397 1418 442 et
1445 396 1622 442 natura
1653 390 1940 442 secundum
1979 405 2068 443 eas
2104 399 2240 442 certo

370 477 521 537 atque
543 467 850 521 immutabili
870 467 1047 519 ordine
1066 466 1306 535 procedat
1320 507 1334 529 ‚
1373 468 1516 534 ipsae
1545 466 1696 519 nobis
1716 465 1928 520 eatenus
1946 469 2042 520 Dei
2062 467 2240 520 infini-

368 554 561 611 tatem,
616 546 964 598 aeternitatem
1002 551 1053 596 et
1087 543 1762 610 immutabilitatem-aliquo
1799 545 1952 596 modo
1990 545 2238 596 indicant.

368 625 454 678 26.
495 623 861 675 concludimus
878 623 1071 688 itaque,
1109 635 1205 672 uos
1223 635 1315 688 per
1333 623 1574 672 miracula
1592 623 1758 674 Deum
1779 623 1996 688 eiusque
2017 624 2241 675 existen-

368 703 490 752 tiam
510 709 559 752 et
578 690 943 766 providentiam
964 707 1271 764 cognoscere
1291 713 1392 749 non
1412 713 1586 765 posse,
1625 699 1717 750 sed
1735 699 1860 750 haec
1881 701 2030 765 longe
2050 699 2238 752 melius

366 778 603 829 concludi
632 790 691 828 ex
720 783 929 827 naturae
958 775 1053 826 fixo
1080 782 1232 841 atque
1250 774 1557 826 immutabili
1579 775 1777 827 ordine.
1850 779 2056 843 Loquor
2075 779 2126 828 in
2146 777 2241 829 bac

366 855 699 906 conclusione
726 853 789 904 de
817 853 1089 915 miraculo,
1130 860 1388 917 quatenus
1416 867 1506 918 per
1532 853 1582 903 id
1613 853 1740 905 nihil
1759 853 1898 904 aliud
1919 853 2238 920 intelligitur,

364 947 521 997 quam
540 945 673 998 opus
686 969 701 994 ,
724 929 863 996 quod
883 930 1148 981 bominum
1170 936 1378 996 captum
1399 937 1606 996 superat
1625 937 1714 981 aut
1732 945 1974 997 superare
1995 931 2237 983 creditur.

363 1010 491 1061 Nam
512 1012 769 1073 quatenus
788 1015 1163 1074 supponeretur
1182 1007 1411 1058 ordinem
1444 1014 1652 1058 naturae
1673 1007 1937 1058 destruere
1957 1009 2062 1060 sive
2081 1010 2242 1060 inter-

363 1099 631 1151 rumpere,
672 1092 760 1136 aut
778 1086 890 1135 eius
910 1084 1113 1150 legibus
1130 1083 1441 1150 repugnare,
1481 1091 1692 1135 eatenus
1721 1084 1807 1152 (ut
1833 1084 1988 1136 modo
2007 1085 2239 1136 ostendi-

362 1161 506 1226 mus)
528 1175 629 1212 non
651 1169 845 1213 tantum
868 1161 1059 1213 nul-lam
1078 1161 1171 1212 Dei
1192 1162 1535 1226 cognitionem
1557 1161 1676 1213 dare
1695 1169 1898 1228 posset,
1937 1162 2030 1213 sed
2060 1170 2234 1217 contra

361 1237 531 1302 illam,
580 1253 737 1304 quam
776 1238 1071 1290 naturaliter
1106 1236 1384 1298 babemus,
1441 1237 1688 1290 adimeret
1723 1245 1774 1288 et
1811 1253 1906 1290 nos
1943 1239 2006 1291 de
2041 1239 2149 1290 Deo
2185 1247 2236 1288 et

362 1315 605 1367 omnibns
634 1313 870 1367 dubitare
899 1314 1102 1367 faceret.
1191 1314 1280 1368 27.
1326 1316 1505 1380 Neque
1535 1315 1617 1366 hic
1646 1315 1802 1366 ullam
1831 1331 2052 1382 agnosco
2086 1315 2236 1368 diffe—

361 1393 574 1444 rentiam
611 1394 743 1444 inter
777 1405 911 1458 opus
948 1399 1119 1444 contra
1148 1398 1381 1442 naturam
1419 1400 1469 1442 et
1495 1407 1626 1459 opus
1653 1407 1808 1457 supra
1839 1399 2098 1454 naturam;
2137 1392 2236 1444 hoc

360 1478 459 1532 est,
498 1475 557 1521 ut
576 1471 785 1536 quidam
804 1470 975 1532 aiunt,
1016 1483 1147 1535 opus
1162 1508 1175 1531 ‚
1218 1469 1356 1533 quod
1378 1468 1588 1535 quidem
1610 1476 1818 1521 naturae
1838 1484 1939 1520 non
1959 1476 2226 1535 repugnat,

358 1553 581 1598 attamen
599 1546 664 1598 ab
678 1548 789 1612 ipsa
809 1561 911 1596 nnn
930 1553 1099 1612 potest
1118 1545 1332 1611 produci
1353 1552 1442 1596 aut
1459 1545 1600 1596 effici,
1645 1567 1651 1573 ·
1671 1547 1798 1596 Nam
1821 1561 1981 1610 quum
2005 1548 2232 1597 miracu-

359 1623 468 1674 lum
501 1637 605 1674 non
641 1631 776 1674 extra
810 1629 1070 1686 naturam,
1108 1622 1205 1672 sed
1232 1624 1286 1673 in
1315 1623 1426 1690 ipsa
1455 1630 1633 1673 natura
1661 1623 1771 1686 fiat,
1813 1624 2045 1688 quamvis
2073 1637 2230 1689 supra

359 1708 591 1752 naturam
611 1705 891 1763 statuatur,
932 1707 1101 1751 tamen
1122 1713 1336 1752 necesse
1357 1708 1434 1752 est
1448 1739 1462 1762 ,
1501 1707 1562 1751 ut
1579 1707 1786 1752 natura-e
1807 1699 2039 1751 ordinem
2060 1701 2227 1752 inter-

358 1785 579 1844 rumpat,
620 1792 777 1844 quem
796 1777 919 1827 alias
938 1776 1091 1828 fixum
1113 1786 1265 1844 atque
1286 1777 1656 1829 immutabilem
1679 1792 1737 1828 ex
1752 1778 1848 1827 Dei
1867 1777 2083 1829 decretis
2103 1791 2232 1829 con-

358 1855 598 1920 cipimus.
669 1855 756 1908 28.
796 1854 995 1919 Siquid
1016 1855 1236 1920 igitur-iu
1258 1863 1436 1906 natura
1459 1855 1627 1917 fieret,
1667 1854 1804 1920 quod
1824 1868 1882 1905 ex
1911 1856 2078 1921 ipsius
2097 1855 2229 1922 legi-

357 1931 459 1982 bus
476 1946 579 1983 non
598 1937 921 1997 sequeretur,
941 1930 994 1982 id
1016 1934 1305 1983 necessario
1325 1933 1512 1993 ordini,
1552 1946 1706 1998 quem
1727 1934 1868 1982 Deus
1887 1932 1940 1981 in
1960 1938 2225 1983 aeternum

356 2023 448 2075 per
464 2008 603 2075 leges
623 2015 835 2060 naturae
852 2009 1165 2060 universales
1185 2010 1236 2059 in
1258 2015 1436 2059 natura
1457 2011 1660 2073 statuit,
1702 2015 2032 2075 repugnaret,
2070 2008 2229 2060 adeo-

355 2101 457 2153 que
485 2086 538 2138 id
565 2093 739 2138 contra
766 2092 1000 2137 naturam
1028 2091 1244 2153 eiusque
1272 2086 1410 2152 leges
1433 2093 1596 2147 esset,
1635 2092 1686 2136 et
1713 2092 2087 2151 consequenter
2114 2086 2226 2137 eius

355 2162 485 2216 fides
514 2177 611 2215 nos
637 2163 702 2215 de
728 2162 987 2214 omnibus
1010 2162 1243 2215 dubitare
1279 2162 1467 2214 faceret
1494 2167 1544 2212 et
1569 2160 1634 2212 ad
1661 2161 1970 2214 atheismum
2001 2162 2226 2215 duceret.

352 2241 441 2295 29.
477 2240 544 2292 Et
571 2241 653 2292 bis
680 2246 832 2307 puto,
872 2254 954 2293 me
983 2240 1061 2301 id,
1101 2239 1239 2306 quod
1264 2238 1494 2291 secundo
1523 2238 1850 2291 intendebam
1869 2281 1883 2302 ,
1922 2241 2046 2291 satis
2065 2238 2228 2291 firmis

355 2316 639 2369 rationibus
668 2316 978 2368 ostendisse.
1049 2316 1123 2367 Ex
1150 2316 1344 2382 quibus
1365 2316 1429 2367 de
1449 2330 1578 2366 novo
1598 2317 1901 2370 concludere
1921 2331 2223 2383 possumuS‚

352 2394 661 2445 miraculum
692 2394 799 2445 sive
828 2400 1002 2445 contra
1036 2400 1269 2445 naturam
1301 2393 1406 2445 sive
1436 2406 1593 2459 supra
1622 2400 1854 2446 naturam
1883 2408 2081 2445 merum
2110 2408 2228 2444 esse

352 2468 667 2529 absurdum:
709 2477 759 2521 et
778 2478 1043 2536 propterea
1064 2485 1156 2536 per
1174 2470 1481 2522 miraculum
1506 2472 1559 2521 in
1581 2474 1742 2522 sacris
1761 2472 1918 2523 literis
1939 2472 2065 2541 nihil
2085 2470 2226 2522 aliud

354 2562 509 2615 posse
534 2545 777 2612 intelligi,
818 2560 974 2613 quam
1000 2561 1133 2614 opus
1163 2555 1400 2609 naturae,
1440 2550 1516 2599 uti
1544 2548 1792 2610 diximuS,
1835 2548 1973 2614 quod
2018 2555 2224 2614 captum

352 2626 637 2677 humanum
666 2632 874 2691 superat
900 2632 989 2675 aut
1018 2638 1260 2691 superare
1292 2624 1536 2677 creditur.
1607 2624 1694 2675 30.
1730 2627 1840 2675 Iam
1858 2633 2135 2691 antequam
2161 2624 2221 2675 ad

349 2704 443 2753 111.
466 2715 698 2769 pergam,
737 2700 859 2753 libet
887 2702 1031 2768 prius
1050 2701 1182 2751 hanc
1204 2710 1432 2754 nostram
1451 2700 1760 2753 seutentiam
1777 2740 1790 2763 ,
1833 2716 2043 2767 nempe,
2084 2701 2220 2766 quod

352 2792 412 2829 ex
440 2778 699 2831 miraculis
726 2779 892 2829 Deum
922 2792 1022 2828 non
1054 2792 1336 2843 possumus
1373 2792 1707 2844 cognoscere,
1745 2779 2041 2829 auctoritate
2077 2778 2220 2828 Scri—

351 2862 529 2921 pturae
556 2854 881 2919 confirmare;
921 2862 972 2906 et
998 2858 1231 2920 quamvis
1266 2857 1529 2923 Scriptura
1566 2854 1660 2906 boc
1697 2855 1880 2907 nullibi
1917 2860 2088 2922 aperte
2122 2852 2223 2903 do-

354 2938 495 2994 ceat,
533 2932 682 2984 facile
709 2939 878 2983 tamen
906 2946 965 2983 ex
984 2938 1095 2997 ipsa
1114 2939 1284 2999 potest
1299 2933 1565 2995 concludi,
1605 2934 1840 2999 inprimis
1867 2948 1926 2985 ex
1955 2946 2041 2993 eo,
2081 2928 2222 2997 quod

350 3010 527 3060 Moses
564 3007 755 3074 (Dent.
792 3023 904 3075 cap.
947 3010 1069 3077 13.)
1104 3012 1380 3077 praecipit,
1438 3019 1494 3061 ut
1539 3012 1837 3078 prophetam
1876 3010 2220 3070 seductorem,

352 3084 588 3152 quamvis
615 3084 766 3137 saciat
789 3085 1062 3152 miracula,
1100 3088 1280 3140 mortis
1307 3094 1477 3139 tamen
1507 3088 1774 3141 damnent.
1845 3087 1932 3139 31.
1970 3086 2056 3139 Sic
2083 3085 2225 3139 enim
