2548 3485
771 406 1619 580 PRAEFATlo.

365 764 662 861 Duo-quae
677 792 887 838 restant
915 784 1230 853 Spinozae
1256 798 1517 851 operum
1546 790 1787 837 contenta
1816 791 1943 838 sunt
1977 792 2141 839 tomo

273 867 474 925 tertio.
595 872 599 877 ·

1180 946 1225 997 Ι.

363 1037 706 1095 Tractatus
758 1030 1545 1101 theologico-politicus,
1602 1034 1694 1099 qui
1746 1034 2017 1103 permagni
2065 1042 2147 1089 est

273 1124 510 1176 momenti
542 1120 610 1174 ad
638 1118 912 1173 Benedicti
940 1118 1004 1171 de
1027 1118 1164 1181 Deo,
1202 1116 1545 1182 revelatione,
1585 1120 1844 1187 scriptura
1864 1136 2041 1185 sacra,
2078 1122 2143 1175 de

273 1208 458 1261 ratione
485 1220 624 1275 quae
654 1204 933 1258 intercedit
957 1204 1094 1256 inter
1120 1202 1511 1272 philosophiam
1542 1211 1593 1257 et
1626 1205 1971 1273 theologiam,
2011 1209 2147 1259 inter

275 1294 542 1347 ecclesiam
565 1299 615 1345 et
633 1284 892 1343 civitatem
913 1289 981 1341 al.
1005 1289 1294 1342 sententias
1314 1288 1449 1341 clare
1467 1291 1882 1359 perspiciendas,
1945 1294 2149 1345 Prodiit

270 1381 489 1448 primum
527 1378 742 1449 nornine
763 1376 1036 1443 scriptoris
1063 1375 1264 1427 omisso
1286 1374 1339 1427 h.
1364 1382 1431 1426 t.:
1476 1376 1799 1437 ,‚Traotatm
1827 1378 2149 1444 theologico-

266 1466 505 1531 politicus
550 1463 827 1518 continens
871 1461 1274 1515 dissertationes
1322 1460 1551 1528 aliquot,
1610 1462 1807 1528 quibus
1852 1464 2149 1517 ostenditur

270 1551 558 1604 libertatem
585 1538 992 1618 philosophandi
1021 1561 1124 1599 non
1151 1554 1355 1608 tantum
1382 1548 1523 1599 salva
1546 1548 1735 1615 pietate
1759 1556 1809 1601 et
1829 1550 2146 1617 reipublicae

268 1652 385 1704 pace
413 1650 574 1706 posse
591 1629 854 1697 concedi,
893 1633 990 1686 sed
1011 1632 1230 1685 eandem
1249 1633 1355 1684 nisi
1377 1646 1493 1685 cum
1514 1649 1639 1702 pace
1661 1634 1983 1701 reipublicae
2004 1638 2149 1704 ipsa-

270 1738 363 1790 que
391 1722 586 1792 pietate
615 1718 730 1772 tolli
759 1734 864 1772 non
890 1733 1068 1787 posse.
1143 1717 1435 1786 Hamhurgi
1466 1721 1605 1789 apud
1637 1722 1925 1775 Hem-icum
1965 1724 2150 1775 Kuen-
2184 1784 2188 1790 ,

269 1809 374 1862 rath
413 1806 838 1874 (Amstelodami
878 1805 1018 1874 apud
1057 1803 1357 1872 christoph.
1400 1808 1641 1871 Conrad)
1683 1809 1879 1859 1570.‘⁴
1936 1811 1987 1860 4.
2047 1809 2147 1860 233

270 1909 413 1963 pagg.
489 1892 600 1946 Sed
625 1893 708 1944 vix
736 1892 910 1944 editus
939 1891 994 1942 in
1013 1891 1187 1942 lucem
1207 1905 1497 1959 oppressus
1521 1899 1601 1944 est
1621 1892 1757 1946 liber
1775 1894 1986 1962 publica
2006 1896 2151 1946 ordi-

269 1995 387 2032 num
415 1982 734 2031 Batavorum
777 1977 1082 2029 auctoritate
1129 1975 1307 2040 (haud
1347 1977 1508 2029 dubie
1546 1978 1778 2045 impulsu
1817 1981 2151 2033 sacerdotum

271 2065 588 2118 ludaeorum
625 2071 676 2116 et
695 2063 1004 2115 clericorum
1043 2061 1487 2126 Christianorum)
1528 2070 1580 2114 et
1613 2065 1747 2116 inter
1777 2065 1941 2118 libros
1971 2067 2151 2133 prohi-

271 2151 406 2204 bitos
444 2149 740 2214 relatus.¹)
810 2149 992 2214 Itaque
1031 2148 1256 2200 triennio
1304 2155 1425 2216 post
1460 2147 1632 2200 denuo
1672 2164 1893 2202 excusus
1930 2159 2009 2204 est
2054 2151 2152 2205 hoc

270 2238 418 2289 titulo
447 2234 686 2289 occulto:
728 2233 1013 2298 „Danielis
1031 2233 1235 2284 Heimii
1261 2248 1481 2302 operum
1512 2233 1881 2288 historicorum
1912 2237 2151 2292 collectio

201 2347 212 2358 ·
242 2323 456 2392 'pt-ima.
532 2319 712 2373 Editio
760 2319 992 2372 secunda
1037 2319 1199 2388 priori
1249 2319 1478 2374 editione
1524 2321 1689 2374 multo
1732 2323 2056 2377 emendatior
2102 2334 2154 2378 et

273 2408 488 2461 auctior.
561 2404 836 2458 Accedunt
865 2405 1124 2471 quaedam
1143 2405 1397 2459 hactenus
1419 2406 1632 2460 inedita.
1705 2410 1950 2478 Lugduni
1972 2412 2147 2465 Batav.

271 2494 409 2563 apud
471 2495 719 2544 Isaacum
761 2490 1010 2544 Herculis
1035 2491 1256 2542 ‚16735‘
1286 2537 1293 2546 .
1320 2492 1373 2543 8.
1438 2493 1539 2545 334
1575 2508 1725 2562 pagg.
1743 2495 1797 2561 ²)
1878 2499 2152 2551 Praeterea

372 2699 416 2747 ¹)
445 2695 548 2740 Vid.
569 2691 729 2737 Peme
754 2691 905 2751 Bayzae
932 2691 1238 2738 dictionnaire
1257 2695 1515 2752 historique
1534 2701 1580 2740 et
1598 2697 1795 2754 critique
1813 2713 1851 2743 s.
1873 2698 2070 2755 Spinoza
2090 2701 2159 2754 D„

273 2765 317 2801 et
333 2755 455 2798 leam
476 2755 612 2798 Brun
631 2753 676 2800 la
695 2752 923 2800 veritable
941 2753 1142 2810 religion
1161 2755 1242 2800 des
1262 2755 1537 2800 Bollandais
1560 2758 1675 2801 1675.
1698 2769 1803 2814 pag.
1828 2761 1917 2803 158.

369 2827 417 2876 2)
445 2824 634 2870 Adnexa
662 2829 734 2869 est
769 2815 1033 2880 ‚'‚Collectio
1067 2823 1291 2869 secunda.
1344 2823 1499 2868 Editio
1531 2826 1751 2870 secunda.
1808 2827 1952 2884 Lugd.
1991 2828 2149 2875 Batav.

273 2883 428 2926 1673.“
457 2885 528 2940 8.,
567 2893 690 2940 quae
719 2881 791 2928 est
817 2883 958 2927 editio
997 2881 1143 2928 altera
1179 2882 1289 2928 libri
1324 2883 1552 2927 Ludovici
1586 2883 1769 2941 Meyeri
1804 2888 2151 2944 „Philosophia

271 2941 2147 3052 ‘222¹’²¹:¹⁸⁴}{2t5312‘⁶3531:22‘:⁵³⁹¹⁵31213220‘2‘253235x22hmemmi?“¹¹''

273 3008 394 3109 notis
414 3035 553 3110 variis
575 3069 621 3109 et
641 3063 930 3120 praefatione
947 3063 1005 3108 l).
1026 3016 1220 3108 Igpsal.
1245 3061 1458 3109 senaar-2¹.
1506 3064 1655 3110 Halae
1674 3067 1889 3122 Magdeb.
1910 3069 2025 3110 1776.
2041 3021 2146 3112 esum

1697 3138 1725 3167 ²11
