2548 3485
1119 166 1254 210 cap.
1316 166 1399 210 vr.
1574 181 1579 184 ·
2126 162 2200 221 91

329 348 476 404 sunt3
517 343 594 396 vel
623 343 762 410 quod
793 342 984 395 nullam
1013 353 1222 396 causam
1253 349 1453 410 praeter
1469 343 1639 394 Deum
1658 343 1765 394 sive
1782 341 1879 394 Dei
1898 343 2209 396 voluntatem

328 423 578 487 agnoscit.
666 420 755 475 21.
806 421 995 472 Verum
1031 421 1150 485 quia
1189 421 1389 482 omnia,
1438 432 1569 484 quae
1604 431 1695 485 per
1730 433 1915 472 causas
1952 421 2209 473 naturales

327 498 459 551 fiunt
471 537 486 558 ,
525 513 585 550 ex
603 497 714 549 sola
730 497 824 548 Dei
845 497 1070 564 potentia
1089 503 1140 548 et
1157 490 1415 548 voluntate
1434 497 1587 548 etiam
1604 495 1760 560 fiunt,
1800 499 2091 550 necessario
2110 497 2211 549 huc

329 574 536 626 tandem
554 573 977 642 perveniendum,
1016 587 1202 642 nempe
1223 573 1550 635 miraculum,
1592 575 1699 626 sive
1716 573 1768 625 id
1790 588 1972 626 causas
1990 582 2207 627 natura·-

285 675 290 680 ·
328 653 404 704 les
423 651 624 714 habeat,
663 653 770 704 sive
789 653 982 714 minue,
1022 663 1156 716 opus
1175 665 1311 713 esse,
1352 651 1493 716 quod
1513 657 1603 716 per
1622 664 1831 714 causam
1850 651 2084 718 explicari
2104 667 2209 704 nou

286 797 292 801 .
328 736 496 795 potest
509 741 532 791 ς·
562 728 660 780 hoc
688 733 768 780 est
795 743 956 794 opus,
996 727 1136 794 quod
1167 734 1374 794 captum
1401 727 1689 780 humanum
1717 734 1946 795 superat.
2018 729 2121 780 Sed
2150 744 2210 781 ex

328 820 480 871 opere
498 813 552 857 et
566 805 804 858 absolute
822 820 881 856 ex
899 819 978 866 eo,
1001 804 1142 871 quod
1161 809 1399 856 nostrum
1418 811 1623 871 captum
1644 813 1869 872 superat,
1912 805 2037 857 nihil
2056 806 2211 858 intel-

325 883 480 948 ligere
499 896 804 950 possumus.
876 883 1005 934 Nam
1026 881 1274 948 quicquid
1294 883 1427 933 clare
1446 888 1496 932 ot
1512 881 1754 935 distincte
1771 873 2106 948 intelligimus
2120 921 2135 945 ,
2154 883 2209 934 id

327 975 418 1026 per
451 975 509 1011 se
544 960 622 1012 vel
657 975 748 1026 per
783 958 952 1022 aliud,
993 959 1132 1025 quod
1162 973 1256 1026 per
1281 973 1338 1010 se
1370 957 1502 1011 clare
1528 966 1580 1011 et
1613 960 1851 1012 distincte
1886 960 2200 1026 intelligitur,

325 1036 475 1088 nobis
495 1035 648 1088 debet
666 1038 1005 1088 innotescere.
1077 1036 1175 1091 22-
1205 1036 1379 1098 Quare
1399 1050 1458 1106 ex
1474 1037 1720 1090 miraculo
1738 1038 1843 1090 sive
1862 1051 2035 1103 opere,
2066 1037 2207 1103 quod

326 1120 560 1164 nostrum
599 1121 808 1181 captum
843 1117 1077 1179 superat,
1129 1125 1224 1163 nec
1259 1112 1354 1164 Dei
1392 1113 1696 1179 essentiam,
1738 1127 1831 1165 uec
1866 1115 2201 1176 existentiam,

325 1205 422 1242 nec
446 1189 681 1241 absolute
711 1189 906 1256 aliquid
931 1188 995 1240 de
1021 1190 1132 1240 Deo
1161 1196 1212 1239 et
1240 1194 1421 1240 natura
1446 1189 1726 1256 intelligere
1763 1203 2073 1257 possumus,
2112 1192 2204 1243 sed

325 1273 525 1330 contra,
567 1279 729 1332 quum
758 1267 926 1318 omnia
953 1280 984 1317 a
1010 1266 1120 1317 Deo
1149 1265 1479 1318 determinata
1506 1274 1558 1318 et
1586 1268 1777 1318 sancita
1806 1269 2004 1320 scimus
2022 1283 2139 1322 esse
2157 1277 2206 1320 et

327 1345 650 1410 operationes
679 1352 890 1396 naturae
917 1357 977 1394 ex
998 1342 1096 1393 Dei
1123 1344 1346 1394 essentia
1374 1345 1648 1410 consequi,
1689 1351 1901 1396 naturae
1924 1359 2039 1397 vero
2065 1345 2204 1412 leges

325 1422 423 1473 Dei
459 1428 662 1473 aeterna
697 1420 897 1472 decreta
931 1426 982 1470 et
1017 1419 1286 1472 volitiones
1322 1433 1469 1484 esse,
1506 1419 1742 1473 absoluto
1771 1420 2200 1485 concludendum,

324 1513 420 1550 nos
441 1513 504 1550 eo
523 1497 711 1550 melius
737 1499 908 1550 Deum
937 1497 1138 1564 Deique
1166 1496 1479 1549 voluntatem
1508 1510 1843 1564 cognoscere,
1882 1512 1987 1564 quo
2016 1498 2204 1568 melius

324 1589 406 1627 res
444 1575 702 1626 naturales
737 1575 1096 1640 cognoscimus
1136 1581 1187 1625 et
1223 1574 1411 1626 clarius
1446 1573 1781 1641 intelligimus
1805 1613 1820 1638 ,
1876 1575 2139 1640 quomodo
2172 1589 2203 1626 a

321 1655 486 1720 prima
505 1668 600 1706 sua
621 1665 774 1704 causa
796 1651 1086 1718 dependent
1104 1657 1154 1702 et
1182 1651 1444 1717 quomode
1472 1652 1761 1704 secundum
1792 1656 2023 1704 aeternas
2050 1658 2203 1702 natu-

323 1746 408 1783 rae
436 1730 574 1796 leges
603 1737 899 1797 operantur.
971 1726 1060 1784 23.
1099 1727 1270 1790 Quare
1307 1729 1503 1783 ratione
1528 1729 1691 1781 nostri
1726 1728 2017 1781 intellectus
2051 1727 2202 1796 longe

323 1808 534 1860 meliore
559 1809 672 1859 iure
706 1821 764 1859 ea
792 1821 972 1873 opera,
1012 1819 1146 1872 quae
1180 1806 1315 1858 clare
1348 1814 1399 1859 ct
1434 1807 1674 1859 distincte
1708 1806 2067 1873 intelligimus,
2106 1808 2201 1858 Dei

322 1887 474 1951 opera
513 1884 736 1936 vocanda
772 1891 822 1936 et
857 1883 923 1935 ad
947 1883 1045 1935 Dei
1079 1883 1395 1941 voluntatem
1424 1883 1715 1946 referenda,
1751 1896 1907 1948 quam
1943 1898 2031 1947 ca,
2068 1898 2202 1949 quae

319 1962 472 2027 plane
495 1962 822 2028 ignoramus,
861 1961 1094 2026 quamvis
1123 1961 1542 2026 imaginationem
1570 1958 1717 2013 valde
1742 1968 1995 2027 occupent
2023 1967 2073 2012 et
2102 1960 2200 2011 ho-

323 2040 496 2093 miues
514 2040 567 2089 in
587 2038 978 2091 admirationem
1005 2038 1086 2089 sui
1118 2038 1347 2104 rapiant3
1390 2036 1813 2103 quandoquidem
1839 2052 1899 2089 ee
1918 2037 2026 2089 sola
2046 2044 2201 2090 natu·-

321 2130 406 2167 rae
441 2130 620 2182 opera,
661 2130 794 2182 quae
829 2114 960 2166 clare
987 2121 1038 2166 et
1065 2114 1307 2166 distincte
1330 2114 1693 2179 intelligimus,
1730 2114 1829 2165 Dei
1854 2114 2199 2179 cognitionem

321 2192 543 2245 reddunt
575 2190 928 2245 sublimiorem
968 2199 1018 2243 et
1044 2191 1140 2243 Dei
1175 2191 1485 2244 voluntatem
1522 2198 1573 2241 et
1598 2190 1797 2242 decreta
1826 2204 1983 2256 quam
2019 2191 2201 2243 claris-

319 2269 452 2321 sime
473 2258 718 2321 indicant.
790 2270 830 2321 li
849 2268 1183 2335 igitur‘plane
1202 2274 1491 2334 nugantur,
1530 2268 1646 2333 qui,
1689 2266 1779 2318 ubi
1808 2280 1913 2319 rem
1944 2268 2194 2333 ignorant,

321 2346 384 2397 ad
405 2347 510 2399 'Dei
537 2346 850 2399 voluntatem
881 2352 1173 2407 recurruut3
1214 2346 1463 2397 ridiculus
1491 2358 1615 2396 saue
1642 2343 1831 2396 modus
1857 2345 2197 2410 ignorantiam

319 2422 610 2489 profitendi.
682 2425 771 2478 24.
807 2422 964 2475 Porro
999 2422 1237 2489 quamvis
1271 2437 1331 2474 ex
1363 2421 1627 2473 miraculis
1662 2416 1857 2487 aliquid
1892 2421 2199 2477 concludere

319 2514 621 2565 possemus,
661 2500 806 2551 nullo
835 2507 1006 2551 tamen
1035 2499 1188 2551 modo
1206 2500 1304 2551 Dei
1322 2500 1585 2551 existentia
1604 2498 1723 2550 inde
1742 2506 1919 2567 posset
1936 2502 2194 2554 concludi.

318 2579 449 2629 Nam
479 2571 640 2643 q‘uum
662 2576 968 2629 miraculum
991 2590 1124 2643 opus
1143 2577 1418 2629 limitatum
1438 2577 1534 2637 sit,
1574 2589 1668 2627 nec
1693 2584 1927 2643 unquam
1952 2578 2055 2629 nisi
2083 2592 2197 2629 cer-

318 2660 422 2705 tam
460 2661 512 2705 et
544 2654 814 2706 limitatam
853 2654 1131 2721 potentiam
1171 2655 1443 2719 exprimat,
1492 2660 1687 2705 certum
1723 2660 1832 2716 est,
1880 2661 1977 2705 nos
2014 2668 2073 2707 ex
2107 2656 2195 2706 tali

317 2730 500 2782 effectu
528 2744 633 2784 non
665 2746 819 2797 posse
845 2724 1152 2783 concludere
1179 2731 1499 2782 existentiam
1526 2744 1741 2794 causae,
1786 2731 1934 2783 cuius
1972 2732 2194 2797 potentia

315 2808 386 2858 sit
413 2807 638 2871 infinita,
677 2809 770 2861 sed
806 2808 868 2859 ad
905 2820 1170 2874 summum
1209 2822 1421 2871 causae,
1462 2808 1613 2859 cuius
1646 2808 1872 2874 potentia
1909 2806 2072 2859 maior
2105 2810 2194 2861 sit.

315 2885 444 2935 Dico
481 2885 556 2937 aa
585 2900 874 2949 summum5
910 2890 1080 2952 potest
1108 2885 1246 2937 enim
1273 2885 1425 2937 etiam
1455 2886 1703 2949 consequi
1731 2898 1790 2935 ex
1815 2884 1991 2935 multis
2019 2886 2193 2939 causis

315 2956 473 3013 simul
501 2961 928 3014 concurrentibus
957 2975 1092 3027 opus
1119 2960 1356 3027 aliquod,
1396 2963 1543 3015 cuius
1572 2961 1782 3026 quidem
1802 2961 1878 3029 vis
1898 2967 1951 3012 et
1966 2964 2191 3027 potentia

317 3041 484 3090 minor
509 3040 578 3091 sit
603 3039 829 3105 potentia
849 3038 1083 3091 omnium
1110 3052 1381 3092 causarum
1410 3036 1597 3099 simul,
1636 3050 1695 3088 ac
1722 3036 1871 3101 longe
1902 3038 2065 3105 maior
2090 3052 2189 3103 po·-

317 3116 471 3175 tcutia
490 3117 901 3183 uniuscuiusque
919 3130 1126 3171 causatu
1213 3118 1304 3174 25.
1338 3113 1415 3169 At
1436 3115 1681 3180 quoniam
1710 3120 1919 3165 naturae
1945 3114 2083 3179 leges
2104 3113 2191 3180 (ut
