2548 3485
331 179 452 241 150
726 181 1116 234 Taacmrns
1153 183 1813 231 mmmmm-pour.

323 379 382 416 ex
402 364 515 430 ipsa
533 362 606 414 rei
628 365 808 413 natura
827 362 1079 414 sumitur=
1115 373 1307 430 nempe
1337 361 1476 428 qnod
1494 363 1727 414 mendae
1756 375 1857 414 non
1890 361 2009 414 data
2029 373 2202 428 opera,

323 441 415 494 sed
437 455 560 493 casu
579 441 634 492 in
653 439 856 492 codices
875 440 1220 506 irrepserunt3
1259 446 1311 490 et
1328 440 1469 506 quod
1489 441 1560 492 ita
1580 439 1655 504 fit,
1676 441 1815 492 varie
1834 439 2101 506 contingit.
2138 438 2209 489 At

321 527 373 578 in
402 527 634 594 quinque
658 524 810 578 libris
836 539 1042 592 semper
1067 539 1257 578 nomen
1287 529 1473 616 {1213AE
1494 527 1702 594 puella,
1743 541 1849 578 nno
1882 531 2081 578 tantum
2110 539 2205 576 ex-

321 627 466 688 cepto
503 619 646 683 loco,
695 620 1004 674 defectivum
1041 628 1216 673 contra
1253 620 1483 688 regulam
1519 622 1875 688 grammatices
1912 621 2025 672 sine
2062 619 2208 672 litera

320 712 367 771 Π
387 709 470 759 He
498 707 770 770 scribitur,
808 707 860 758 in
893 708 1122 774 margine
1151 721 1268 759 vero
1298 715 1433 758 recte
1462 708 1751 760 secundum
1782 707 2011 774 regulam
2031 720 2206 774 gram-

321 795 533 845 matices
552 793 892 846 universalem
906 795 981 863 *).
1053 793 1136 845 An
1167 793 1264 845 boc
1284 793 1439 845 etiam
1459 807 1519 844 ex
1538 808 1627 855 eo,
1668 793 1810 860 quod
1831 807 2016 845 manus
2039 794 2090 843 in
2112 792 2209 843 de-

319 870 593 922 scribendo
614 871 811 933 erravit,
852 868 1162 937 contigerit?
1230 869 1349 933 Quo
1371 871 1473 922 fato
1494 869 1547 922 id
1568 869 1675 922 [ieri
1696 871 1877 936 potuit,
1902 876 1959 922 ut
1978 871 2207 921 calamus

319 961 553 1014 semper,
575 947 988 1014 quotiescunque
1007 947 1103 999 boc
1122 962 1312 1000 nomen
1334 949 1638 1009 occurrerit,
1660 945 1962 999 festinaret?
2004 947 2205 998 Deinde

317 1024 458 1076 hunc
479 1024 740 1076 defectum
760 1025 908 1077 facile
927 1031 979 1077 et
995 1026 1109 1076 sine
1130 1025 1379 1091 scrupulo
1400 1039 1459 1078 ex
1478 1025 1670 1091 regulis
1688 1024 2036 1091 grammaticis
2066 1038 2203 1090 sup-
2242 1081 2247 1093 Ι

319 1101 458 1167 plere
478 1108 528 1152 et
545 1101 820 1154 emendare
839 1103 1154 1168 potuissent.
1227 1104 1313 1154 41.
1338 1103 1501 1169 Igitur
1518 1117 1682 1168 quum
1702 1102 1797 1155 bae
1816 1102 2059 1153 lectiones
2078 1114 2203 1152 casu

317 1192 422 1228 non
443 1179 778 1245 contigerint,
820 1193 916 1231 nec
934 1187 1037 1230 tam
1059 1180 1194 1232 clara
1214 1181 1335 1231 vitia
1354 1181 1689 1242 correxerint,
1728 1178 1847 1232 binc
1866 1177 2200 1242 concludunt,

317 1255 444 1307 baec
465 1263 602 1307 certo
622 1256 835 1308 consilio
856 1272 886 1308 a
905 1258 1088 1323 primis
1109 1256 1453 1324 scriptoribus
1474 1256 1608 1308 facta
1630 1257 1791 1309 luisse
1807 1294 1821 1318 ,
1842 1264 1901 1306 ut
1920 1256 1983 1306 iis
2004 1254 2203 1320 aliquid

317 1331 682 1398 significarent.
754 1335 948 1386 Verum
969 1333 1049 1385 bis
1069 1333 1216 1386 facile
1235 1335 1549 1401 respondere
1569 1347 1881 1400 possumusz
1920 1347 2039 1384 nam
2062 1331 2203 1398 quod

317 1425 377 1462 ex
411 1425 538 1474 usu,
596 1412 686 1478 qui
726 1411 868 1478 apud
901 1425 991 1463 eos
1029 1411 1272 1472 invaluit,
1332 1419 1779 1478 argumentantur,
1838 1408 1965 1461 nibil
2012 1425 2203 1460 moror.

317 1489 403 1544 42.
440 1489 627 1540 Nescio
655 1487 783 1554 quid
811 1488 1112 1556 superstitio
1140 1487 1359 1539 suadere
1388 1489 1585 1553 potuit,
1626 1495 1677 1539 et
1708 1487 1835 1539 forte
1865 1487 1984 1537 inde
2012 1486 2204 1537 sactum

316 1572 421 1627 est,
463 1566 585 1632 quia
603 1573 880 1633 utramque
903 1565 1171 1616 lectionem
1199 1579 1364 1630 aeque
1386 1563 1575 1616 bonam
1596 1579 1691 1616 sen
1711 1563 2025 1614 tolerabilem
2046 1563 2208 1613 aesti-

239 1637 246 1642 ’
317 1640 548 1704 mabant,
567 1642 815 1708 ideoque,
835 1655 902 1694 ne
919 1655 1099 1693 earum
1119 1639 1290 1706 aliqua
1312 1641 1675 1707 negligeretur,
1697 1654 1855 1692 unam
1877 1635 2203 1691 scribendam

317 1725 370 1771 et
395 1717 548 1770 aliam
575 1718 845 1785 legendam
873 1719 1166 1772 voluerunt.
1237 1717 1515 1771 Timebant
1542 1718 1738 1772 scilieet
1754 1719 1808 1770 in
1830 1732 1885 1771 re
1902 1723 2043 1770 tanta
2062 1715 2203 1769 iudi-

316 1798 452 1848 cium
477 1797 849 1861 determinare,
890 1810 955 1847 ne
983 1797 1164 1847 incerti
1191 1795 1375 1847 salsam
1405 1811 1498 1863 pro
1526 1811 1642 1849 vera
1670 1797 1941 1861 eligerent,
1983 1794 2205 1860 ideoque

317 1879 561 1924 neutrum
581 1872 813 1926 alterutri
834 1887 1148 1941 praeponere
1166 1874 1467 1937 voluerunt,
1507 1875 1650 1941 quod
1676 1873 1915 1926 absolute
1936 1873 2201 1934 fecissent,

316 1950 362 2001 si
390 1964 548 2001 unam
578 1949 746 2003 sola‘m
776 1949 1000 2003 scribere
1029 1957 1081 2002 et
1107 1951 1276 2017 legere
1295 1951 1605 2013 iussissent;
1644 1951 1946 2018 praesertim
1966 1962 2129 2015 quum
2149 1950 2203 2000 in

317 2028 477 2078 sacris
512 2026 866 2081 voluminibus
904 2035 1056 2080 notae
1093 2028 1403 2094 marginales
1440 2042 1543 2079 non
1584 2027 1894 2080 scribantur.
1983 2028 2071 2079 43.
2105 2024 2203 2078 Vel

317 2103 447 2156 forte
473 2103 596 2156 inde
622 2105 817 2159 factum
845 2112 954 2168 est,
995 2106 1118 2172 quia
1153 2106 1438 2172 quaedam,
1478 2105 1715 2172 quamvls
1751 2112 1888 2157 recte
1923 2104 2197 2169 descripta,

316 2179 462 2233 aliter
488 2190 658 2235 tamen
687 2183 813 2250 legi,
853 2189 1007 2250 prout
1033 2182 1230 2235 scilicet
1247 2183 1300 2234 in
1320 2183 1549 2248 margine
1569 2188 1891 2244 notaverant,
1930 2179 2195 2239 volebantg

317 2255 538 2324 ideoque
555 2260 914 2313 universaliter
931 2260 1294 2321 instituerunt,
1316 2267 1375 2309 ut
1393 2258 1565 2311 Biblia
1584 2258 1871 2311 secundum
1893 2265 2039 2310 notas
2060 2270 2203 2309 mar-

316 2335 512 2399 ginales
531 2336 842 2403 legerentur.
915 2337 1004 2388 44.
1034 2336 1182 2399 Quae
1202 2349 1359 2387 causa
1378 2343 1552 2389 autem
1573 2336 1772 2388 scribas
1792 2337 2023 2399 moverit,
2046 2349 2205 2401 quae-

318 2410 435 2461 dam
467 2426 706 2480 expresse
735 2414 950 2481 legenda
975 2413 1030 2464 in
1059 2414 1289 2480 margine
1318 2419 1523 2474 notare,
1561 2414 1665 2465 iam
1706 2413 1873 2465 dicam
1912 2412 2061 2480 (nam
2100 2426 2201 2464 non

317 2501 500 2540 omnes
529 2491 840 2557 marginales
870 2496 1020 2541 notae
1058 2489 1247 2541 dubiae
1284 2495 1408 2541 sunt
1444 2490 1721 2552 lectiones,
1760 2489 1855 2541 sed
1884 2491 2037 2542 etiam
2068 2504 2201 2555 quae

317 2565 382 2616 ab
403 2580 503 2618 usu
525 2575 717 2618 remota
737 2574 910 2630 erant,
949 2567 1314 2635 notaverunt):
1352 2580 1540 2633 nempe
1568 2566 1719 2618 verba
1750 2565 1979 2619 obsoleta
2000 2575 2050 2619 et
2069 2580 2201 2634 quae

316 2642 518 2709 probati
554 2642 696 2695 illius
733 2646 982 2710 temporis
1019 2659 1189 2696 mores
1224 2659 1330 2695 non
1360 2643 1601 2696 sinebant
1637 2646 1689 2695 in
1722 2643 1927 2712 publica
1958 2645 2203 2695 concione

314 2720 434 2786 legi.
515 2724 601 2773 45.
639 2722 770 2774 Nam
803 2722 1002 2787 antiqui
1031 2724 1340 2789 scriptores,
1380 2721 1567 2773 malitia
1597 2723 1802 2787 privati,
1846 2722 2001 2775 nullis
2022 2720 2202 2771 aulicis

316 2797 642 2864 ambagibus,
665 2798 758 2850 sed
779 2812 862 2849 res
880 2800 1105 2865 propriis
1125 2799 1236 2851 suis
1256 2798 1558 2850 nominibus
1578 2797 1894 2851 indicabant.
1966 2799 2035 2849 At
2052 2804 2199 2863 post-

317 2887 473 2938 quam
497 2876 689 2928 malitia
711 2883 762 2927 et
780 2875 934 2927 luxus
954 2878 1206 2942 regnavit,
1247 2876 1337 2927 illa
1358 2891 1492 2942 quae
1511 2877 1625 2927 sine
1644 2876 1996 2928 obscoenitate
2016 2874 2080 2925 ab
2101 2888 2199 2924 an-

315 2951 474 3013 tiquis
496 2950 629 3003 dicta
649 2961 801 3017 sunt,
840 2954 896 3005 in
925 2951 1200 3007 obscoenis
1220 2953 1397 3005 baberi
1420 2956 1742 3021 inceperunt.
1814 2955 1927 3005 Hac
1944 2958 2115 3003 autem
2134 2949 2200 3002 de

421 3149 463 3200 *)
498 3150 594 3194 vid.
617 3151 729 3199 Gen.
749 3158 818 3214 24,
840 3158 904 3201 ισ.
941 3157 1078 3203 nent.
1099 3160 1168 3216 22,
1190 3160 1255 3201 15.
1278 3158 1342 3202 ια.
1366 3160 1431 3201 ao.
1452 3161 1517 3202 ιι.
1539 3160 1728 3202 24-29.
1750 3157 1813 3203 al.
