2548 3485
1109 166 1250 211 car.
1300 164 1447 243 xx.-
1756 198 1763 203 .
2072 154 2197 217 269

322 341 606 402 habeantur
631 348 682 395 et
705 340 774 395 ad
803 354 982 395 necem
1001 341 1289 405 ducantur,
1328 349 1381 397 et
1400 341 1540 409 quod
1560 346 1779 403 cataste,
1818 336 2075 391 malorum
2092 336 2199 389 ior—

323 420 488 483 mido‚
538 419 942 487 pulcherrimum
986 418 1078 472 fiat
1117 421 1377 473 theatrum
1414 419 1480 471 ad
1516 432 1781 472 summum
1816 416 2117 467 tolerantiae
2150 422 2203 465 et

322 499 524 550 virtutis
541 495 836 563 exemplum
855 510 974 549 cum
993 498 1184 563 insigni
1207 498 1493 551 maiestatis
1507 494 1783 563 opprobrio
1801 488 2203 545 ostentandam?

323 574 410 627 36.
451 574 554 638 Qui
573 574 712 625 enim
733 588 790 625 se
809 574 1058 627 honestos
1075 582 1266 627 norunt
1278 614 1293 638 ,
1332 580 1551 627 mortem
1569 580 1629 625 ut
1648 570 1856 632 scelesti
1873 584 1977 622 non
1996 570 2198 631 timent,

323 666 418 703 nec
445 651 760 718 supplicium
789 650 1153 717 deprecantem
1191 666 1373 705 eorum
1400 650 1595 719 qnippe
1622 650 1833 701 animus
1854 646 2000 699 nulia
2037 646 2201 712 turpis

297 728 442 780 iacti
467 728 786 795 poenitentia
815 730 1046 795 angitur,
1085 729 1176 781 sed
1207 738 1381 783 contra
1410 730 1683 781 honestum
1700 766 1715 791 ,
1756 742 1857 779 non
1886 722 2201 791 supplicium

324 813 534 871 putant,
574 820 668 872 pro
695 804 836 857 bona
863 820 1021 858 causa
1050 808 1177 859 mori
1194 847 1207 869 ‚
1247 812 1300 859 et
1322 821 1417 876 pro
1435 804 1671 858 libertate
1688 804 1987 871 gloriosum.
2022 840 2029 847 .
2061 798 2204 863 Quid

323 896 444 947 ergo
462 882 642 935 talium
661 896 790 933 nece
807 880 1026 949 exempli
1043 884 1311 947 statuitur,
1352 884 1503 936 cuius
1520 893 1730 935 causa-
1752 881 1941 931 inertes
1960 886 2015 930 et
2030 878 2205 928 animo

325 960 632 1025 impotentes
670 960 931 1025 ignorant,
968 960 1205 1013 seditiosi
1239 960 1465 1013 oderunt
1488 967 1543 1013 et
1566 959 1767 1011 honesti
1802 952 2009 1009 ament?
2040 956 2205 1007 Nemo

325 1050 452 1087 sane
483 1050 544 1087 ex
566 1036 746 1089 eadem
770 1034 1066 1103 >exemplum
1091 1052 1272 1106 capere
1298 1043 1497 1105 potest,
1538 1037 1641 1089 nisi
1658 1034 1726 1087 ad
1742 1033 2084 1095 iitandum,
2125 1031 2205 1085 vei

325 1113 507 1165 saltem
527 1113 592 1164 ad
611 1112 948 1171 adulandum.
1958 1134 1963 1141 ’

427 1192 514 1243 37.
551 1191 628 1243 Ne
657 1190 830 1256 itaque
857 1192 1161 1252 assentatio,
1199 1191 1297 1244 sed
1321 1198 1381 1242 ut
1406 1189 1539 1243 fides
1561 1191 1618 1242 in
1636 1190 1805 1257 p'retio
1824 1190 1892 1241 sit
1912 1193 1965 1241 et
1980 1195 2041 1239 ut
2056 1201 2208 1239 sum-

323 1282 443 1321 mae
469 1274 748 1336 potestates
775 1269 1050 1335 imperium
1079 1268 1271 1342 optime
1296 1270 1578 1331 retineant,
1618 1282 1715 1319 nec
1742 1266 2004 1319 seditiosis
2024 1264 2207 1317 cedere

253 1342 257 1349 '
327 1353 602 1410 cogantur,
639 1344 818 1397 iudi-cii
847 1344 1060 1399 libertas
1089 1346 1383 1398 necessario
1411 1344 1737 1397 concedende
1756 1352 1863 1406 est,
1902 1351 1955 1395 et
1972 1343 2208 1416 [nomines

329 1422 398 1471 ita
429 1422 636 1487 regendi
662 1429 816 1485 sunt,
855 1430 915 1473 ut
941 1423 1176 1490 quamvis
1207 1416 1405 1475 diversa
1435 1430 1487 1474 et
1504 1422 1755 1475 contraria
1776 1421 1943 1489 palam
1962 1420 2205 1480 sentiant,

193 1579 202 1586 ⁴
237 1497 242 1501 '
326 1497 649 1550 concorditer
683 1506 855 1551 tamen
894 1501 1080 1553 vivant.
1153 1501 1258 1554 Nec
1294 1498 1533 1553 dubitare
1572 1512 1879 1565 possumus,
1918 1496 2046 1564 quin
2084 1494 2209 1547 haec

331 1574 460 1626 ratio
480 1574 768 1643 imperandi
786 1578 980 1642 optima
999 1578 1096 1641 sit,
1131 1584 1182 1630 et
1199 1577 1400 1629 minora
1418 1578 1639 1643 patiatur
1654 1575 1979 1627 incommoda
1991 1611 2006 1636 ‚
2039 1586 2211 1638 quan-

329 1650 610 1717 doquidem
637 1666 754 1704 cum
783 1652 1052 1715 hominurn
1073 1662 1253 1708 natura
1273 1656 1493 1708 maxime
1512 1654 1766 1706 convenit.
1838 1650 2211 1717 38.1nimpe-

330 1731 408 1782 rio
427 1729 566 1780 enim
589 1728 930 1784 democratico
951 1730 1123 1798 (quod
1141 1732 1365 1785 maxime
1380 1730 1446 1785 ad
1466 1738 1659 1784 statum
1676 1729 1963 1782 naturaiem
1984 1722 2209 1796 accedit)

331 1821 513 1859 omnes
542 1809 732 1872 pacisci
763 1809 1182 1884 ostendimus*),
1221 1823 1283 1862 ex
1311 1809 1573 1862 communi
1593 1809 1799 1860 decreto
1820 1819 1995 1874 agere,
2036 1813 2087 1859 at
2106 1819 2209 1858 non

330 1884 560 1936 iudicare
579 1892 630 1936 et
648 1884 968 1950 ratiocinari3
1005 1884 1102 1936 hoc
1123 1893 1227 1950 est,
1271 1887 1421 1955 quia
1410 1901 1592 1938 omnes
1612 1885 1847 1937 homines
1868 1899 1969 1936 non
1990 1889 2213 1952 possunt

229 2017 236 2024 ,
329 1975 496 2027 aeque
513 1941 698 2012 eadem*
714 1961 934 2023 sentire,
973 1953 1108 2027 pecti
1126 1971 1277 2025 sunt,
1320 1970 1382 2016 ut
1395 1963 1448 2014 id
1467 1964 1567 2015 vim
1588 1963 1775 2014 decreti
1794 1962 2029 2025 haberet,
2068 1960 2210 2027 quod
2241 1981 2246 1986 ·

330 2037 554 2105 plurima
583 2036 804 2090 haberet
812 2037 1089 2103 suffragia„
1119 2040 1385 2092 retinendo
1406 2041 1611 2092 interim
1631 2040 1983 2091 auctoritatem
2004 2037 2208 2100 eadem,
2236 2099 2244 2108 ⁶

261 2185 264 2188 ἢ
331 2115 424 2166 ubi
453 2113 668 2166 meliore
693 2115 938 2179 viderint,
976 2111 1280 2187 abrogandi.
1353 2116 1473 2181 Quo
1500 2118 1657 2182 igitur
1684 2114 1983 2169 hominibus
2001 2113 2211 2178 libertas

330 2190 594 2244 iudicandi
633 2192 807 2244 minus
845 2193 1171 2256 conceditur,
1211 2209 1271 2245 eo
1310 2209 1339 2246 a
1376 2202 1511 2246 statu
1540 2193 1759 2245 maxime
1786 2192 2006 2246 naturali
2042 2192 2211 2258 magis

329 2269 611 2332 receditur,
659 2277 708 2322 et
747 2279 1123 2336 consequenter
1157 2272 1432 2324 violentius
1466 2278 1727 2336 regnatur.
1799 2271 1887 2324 39.
1934 2272 2002 2322 Ut
2034 2275 2209 2320 autem

319 2346 482 2414 'porro
509 2354 752 2409 constet„
773 2362 830 2399 ex
847 2347 942 2400 hac
969 2347 1202 2401 libertate
1231 2349 1373 2402 nulla
1404 2349 1523 2400 oriri
1549 2348 1903 2414 incommoda,
1942 2361 2077 2414 quae
2106 2361 2210 2398 non

331 2425 534 2492 possint
553 2425 662 2476 sola
682 2438 917 2476 summae
934 2428 1202 2492 potestatis
1218 2427 1519 2479 auctoritate
1534 2426 1773 2489 vitari,'et
1792 2425 1885 2477 hac
1904 2424 2015 2477 sola
2035 2423 2211 2476 homi·-

331 2515 424 2552 nes
442 2540 457 2564 ,
495 2502 592 2554 etsi
621 2501 792 2569 palam
817 2505 1074 2556 contraria
1099 2505 1411 2566 sentientes,
1451 2503 1599 2556 facile
1619 2504 1822 2556 retineri
1838 2541 1853 2565 ,
1890 2517 1959 2556 ue
1975 2503 2029 2554 in
2047 2503 2210 2554 vicem

315 2577 552 2641 'laedant
587 2579 813 2646 exempla
833 2587 1037 2646 praesto
1057 2589 1207 2644 sunt;
1247 2596 1343 2633 nec
1362 2595 1495 2649 opus
1514 2580 1643 2632 mihi
1657 2589 1741 2633 est
1758 2596 1817 2634 ea
1831 2582 1987 2668 ‘longe
2016 2587 2207 2647 petere.

331 2657 419 2709 40.
456 2655 594 2708 Urbs
611 2655 1089 2719 Amsteiaedamum
1109 2658 1341 2725 exemplo
1362 2660 1449 2719 sit,
1470 2672 1605 2724 quae
1624 2665 1764 2711 tanto
1784 2659 1909 2711 cum
1922 2671 2021 2710 suo
2038 2656 2211 2706 incre-

329 2739 504 2788 mento
543 2739 594 2784 et
623 2733 854 2786 omnium
885 2736 1150 2786 nationum
1177 2735 1511 2788 admiratione
1537 2736 1697 2788 huius
1724 2735 1974 2788 libertatis
2010 2731 2210 2783 fructus

332 2810 605 2877 experitur.
679 2812 740 2862 ln
770 2797 866 2862 hac
892 2812 1032 2864 enim
1057 2811 1420 2864 florentissima
1440 2813 1703 2878 republica
1723 2820 1773 2864 et
1790 2812 1922 2863 urbe
1939 2815 2210 2876 praestan·
2318 2868 2325 2874 ·

333 2887 535 2940 tissima
572 2902 752 2941 omnes
788 2890 1161 2956 cuiuscumque
1197 2890 1421 2942 nationis
1456 2897 1509 2942 et
1544 2896 1713 2966 sectae
1740 2888 1975 2939 homines
2002 2899 2208 2937 summa

223 2969 230 2977 ’
331 2979 452 3018 cum
489 2965 759 3018 concordia
787 2967 988 3032 vivunt,
1023 2974 1075 3020 et
1099 2973 1160 3020 ut
1183 2967 1339 3020 alicu-i
1366 2966 1503 3020 bona
1530 2981 1627 3019 sua
1652 2965 1889 3030 credant,
1926 2963 1980 3016 id
2006 2969 2207 3014 tantum

435 3139 476 3190 Ἴ
511 3137 614 3182 Vid-
635 3147 735 3194 cap.
758 3137 822 3180 ιο.
843 3137 886 3191 ς.
903 3138 973 3181 25.
992 3149 1096 3196 sqq.
