2548 3485
319 128 446 193 218
721 134 1114 180 TRACTATUS
1149 132 1549 180 TnEozofflco
1562 162 1586 172 -
1596 134 1807 180 PoLl'r.

323 319 616 379 cesserunt,
657 312 848 379 iusque
883 326 1038 365 suum
1075 313 1128 363 in
1155 314 1323 365 Deum
1364 312 1761 377 transtulerunt,
1802 314 1957 365 sicuti
1984 314 2037 366 in
2064 320 2203 367 statu

321 390 454 443 civili
483 389 590 442 fieri
621 390 931 457 diximus*).
1005 389 1106 441 Sed
1135 390 1205 442 de
1229 392 1383 442 bisin
1401 391 1745 457 sequentibus
1764 392 2015 459 prolixius
2034 406 2201 459 agam.

323 469 408 524 57.
445 469 638 521 Verum
667 466 846 519 instari
875 466 1043 519 adhuc
1069 474 1264 533 potest,
1304 467 1445 533 quod
1474 482 1709 521 summae
1738 476 2016 537 potestates
2043 480 2205 535 aeque

319 560 382 597 ac
407 544 606 597 subditi
633 545 732 596 hoc
757 545 872 595 inre
901 544 1072 598 divino
1101 550 1367 607 tenentur,
1408 560 1541 612 quas
1568 554 1740 597 tamen
1761 546 1987 599 diximus
2006 548 2090 598 ius
2112 562 2207 598 na-

321 622 486 675 turale
512 622 730 673 retinere
755 628 810 673 et
833 622 902 673 iis
935 622 1108 673 omnia
1137 623 1248 673 iure
1277 622 1449 673 licere.
1522 625 1693 687 Quare
1721 623 1783 674 ad
1804 623 1937 675 lianc
1956 625 2205 691 integram

323 699 656 753 amovendam
679 698 1024 751 difficultatem
1038 736 1056 764 ,
1097 710 1228 765 qnae
1256 714 1361 750 non
1390 706 1491 750 tam
1524 714 1581 751 ex
1600 702 1794 753 ratione
1813 706 2008 765 status,
2048 714 2205 767 quam

324 778 454 829 iuris
480 776 726 827 naturalis
755 778 944 839 oritur,
986 774 1129 839 dico,
1171 775 1311 841 quod
1346 778 1711 844 unusquisque
1738 778 1794 829 in
1822 784 1960 830 statu
1988 776 2207 829 naturali

325 854 506 906 eadem
525 854 718 905 ratione
738 859 940 905 tenetur
959 854 1070 904 inre
1088 853 1306 905 revelato
1320 892 1334 917 ‚
1374 868 1433 906 ac
1454 862 1657 906 tenetur
1674 868 1733 907 ex
1751 854 2031 907 dictamine
2050 866 2205 906 sanae

327 932 535 982 rationis
556 930 748 991 vive-rm
788 945 976 998 nempe
995 932 1117 995 quia
1135 932 1240 997 ipsi
1261 932 1440 983 utilius
1458 936 1539 984 est
1560 938 1609 983 et
1628 932 1693 985 ad
1713 932 1931 985 salntem
1962 944 2209 984 necessa-

325 1008 489 1070 rium,
529 1006 670 1073 quod
687 1008 734 1058 si
755 1006 936 1070 nollet,
977 1021 1096 1059 cum
1117 1020 1213 1058 sno
1232 1009 1461 1075 periculo
1480 1009 1613 1061 licet.
1687 1009 1771 1061 58.
1802 1008 1977 1075 Atque
1998 1008 2125 1061 ade-o
2150 1022 2209 1059 ex

327 1084 438 1140 solo
457 1084 664 1150 proprio
677 1123 691 1147 ,
721 1098 826 1135 non
847 1091 1017 1136 autem
1039 1098 1098 1136 ex
1117 1083 1329 1137 alterius
1349 1086 1551 1139 decreto
1569 1088 1758 1151 vivere,
1794 1097 1964 1151 neque
1984 1086 2208 1151 aliquem

327 1161 592 1213 mortalem
610 1160 834 1213 iudicem
851 1200 867 1225 ‚
897 1176 992 1213 nec
1009 1163 1120 1215 inre
1139 1162 1399 1227 religionis
1418 1163 1671 1216 vindicem
1692 1176 1967 1229 agnoscere
1986 1168 2205 1215 tenetur.

327 1239 500 1305 Atque
529 1237 624 1289 hoc
649 1239 732 1289 ius
762 1253 1023 1290 summam
1043 1245 1351 1307 potestatem
1369 1242 1645 1292 retinuisse
1664 1240 1888 1306 affirmo,
1929 1252 2061 1307 quae
2084 1238 2207 1305 qui·-

327 1316 448 1368 dem
483 1316 720 1368 homines
755 1316 1024 1368 consulere
1061 1324 1255 1384 potest,
1298 1324 1350 1368 at
1374 1320 1634 1369 neminem
1670 1317 1894 1369 iudicem
1933 1330 2209 1383 agnoscere

329 1400 556 1456 tenetur,
599 1406 694 1445 nec
723 1393 888 1445 ullum
919 1394 1184 1446 mortalem
1217 1402 1416 1460 praeter
1444 1410 1501 1446 se
1531 1395 1749 1446 alicuius
1778 1395 1907 1446 iuris
1937 1394 2208 1455 vindicem,

329 1472 430 1522 nisi
452 1470 780 1537 prophetam,
822 1473 912 1537 qui
931 1486 1170 1537 expresse
1189 1486 1218 1523 a
1237 1474 1347 1524 Deo
1374 1473 1573 1523 missus
1602 1472 1784 1533 fuerit,
1824 1471 2018 1537 quique
2044 1469 2097 1521 id
2126 1472 2211 1521 in-

329 1548 576 1599 dubitatis
605 1548 770 1613 signis
803 1549 1104 1600 ostenderit.
1181 1548 1266 1599 59.
1293 1546 1377 1599 'At
1412 1562 1505 1599 nec
1534 1554 1659 1599 tunc
1689 1547 1899 1615 quidem
1929 1546 2211 1610 hominem,

329 1624 422 1676 sed
453 1626 622 1675 Deum
660 1625 835 1690 ipsum
871 1625 1094 1677 iudicem
1131 1638 1408 1691 agnoscere
1444 1626 1661 1691 cogitur.
1734 1625 1885 1688 Quod
1923 1624 1967 1675 si
2006 1636 2212 1675 summa

331 1707 558 1769 potestas
587 1700 744 1752 nollet
760 1702 868 1752 Deo
895 1702 948 1752 in
977 1702 1086 1754 iure
1115 1714 1212 1754 suo
1241 1702 1457 1756 revelato
1490 1702 1725 1768 obedire,
1762 1700 1818 1754 id
1848 1702 1945 1768 ipsi
1974 1712 2094 1752 cnm
2114 1713 2213 1751 suo

331 1777 560 1845 periculo
591 1785 642 1828 et
669 1778 859 1829 damno
883 1777 1030 1842 licet,
1069 1781 1212 1832 nullo
1241 1781 1439 1832 scilicet
1466 1782 1575 1832 iure
1604 1779 1735 1832 civili
1764 1777 1841 1831 vel
1872 1778 2092 1830 naturali
2130 1791 2214 1828 re-

334 1861 608 1922 pugnante.
661 1857 752 1906 lus
771 1855 908 1907 enim
931 1857 1074 1909 civile
1093 1857 1156 1909 ab
1178 1859 1290 1910 eius
1311 1858 1513 1910 decreto
1532 1864 1732 1909 tantum
1752 1857 1959 1924 pendet.
2010 1853 2097 1908 60.
2124 1857 2214 1906 Ius

333 1940 503 1984 autem
541 1931 774 1983 naturale
811 1933 1001 2000 pendet
1035 1949 1064 1986 a
1101 1933 1305 2000 legibus
1342 1943 1577 1996 naturae,
1634 1948 1767 2000 quae
1812 1948 1917 1986 non
1955 1933 2211 1998 religioni,

334 2009 618 2060 humanum
648 2016 846 2060 tantum
876 2011 1004 2062 utile
1027 2012 1345 2076 intendenti,
1384 2011 1475 2062 sed
1506 2011 1673 2062 ordini
1693 2013 1965 2063 universae
1982 2017 2209 2069 naturae,

335 2086 430 2137 hoc
455 2095 561 2148 est,
601 2093 810 2138 aeterno
827 2089 922 2138 Dei
953 2087 1156 2140 decreto
1187 2089 1339 2140 nobis
1359 2089 1616 2154 incognito
1636 2087 2049 2144 accommodatae
2068 2088 2211 2136 sunt.

335 2162 489 2227 Quod
535 2163 743 2229 quidem
791 2164 876 2215 alii
914 2163 1189 2216 obscurius
1227 2168 1527 2233 concepisse
1562 2165 1831 2230 videntur,
1890 2164 1979 2229 qui
2020 2161 2217 2213 scilicet

337 2248 594 2302 statuunt,
635 2241 897 2292 hominem
916 2249 1092 2294 contra
1111 2243 1418 2294 voluntatem
1438 2243 1535 2294 Dei
1554 2243 1823 2294 revelatam
1845 2240 2053 2306 quidem
2068 2277 2082 2300 ,
2122 2237 2215 2289 sed

339 2331 440 2368 non
461 2324 632 2368 contra
653 2317 768 2368 eius
787 2325 1054 2370 aeternum
1075 2319 1365 2384 decretum,
1403 2332 1505 2385 quo
1528 2321 1697 2371 omnia
1720 2317 2214 2385 praedeterminavit,

337 2407 494 2460 posse
530 2406 760 2461 peccare.
831 2395 918 2446 61.
959 2397 1013 2446 Si
1042 2397 1162 2462 quis
1197 2404 1370 2448 autem
1408 2399 1512 2448 iam
1554 2403 1720 2462 roget:
1769 2393 1895 2460 quid
1929 2395 1975 2444 si
2012 2407 2219 2446 summa

340 2475 567 2538 potestas
612 2469 808 2536 aliquid
855 2479 1030 2525 contra
1063 2473 1361 2539 religionem
1399 2481 1451 2526 et
1486 2473 1856 2533 obedientiam,
1913 2485 2071 2538 qnam
2108 2471 2219 2521 Deo

340 2560 578 2614 expresso
599 2553 746 2612 pacto
765 2551 1130 2614 promisimuS,
1171 2547 1429 2616 imperet?
1462 2551 1635 2603 'divino
1654 2563 1719 2600 an
1748 2548 1975 2600 humano
2002 2547 2219 2614 imperio

340 2624 801 2690 obtemperandum
817 2621 845 2675 ‘P
896 2627 996 2679 Sed
1019 2628 1140 2693 quia
1161 2627 1223 2678 de
1247 2627 1328 2678 his
1349 2629 1403 2678 in
1426 2625 1763 2694 sequentibus
1785 2625 2034 2693 prolixius
2052 2639 2215 2691 agam,

341 2701 424 2752 hic
443 2700 664 2754 breviter
683 2707 878 2753 tantum
899 2703 1043 2767 dico,
1082 2707 1191 2756 Deo
1210 2719 1366 2771 supra
1396 2705 1565 2756 omnia
1594 2702 1973 2767 obediendum,
2014 2701 2221 2769 quando

341 2787 526 2830 certam
547 2786 598 2832 et
614 2778 956 2832 indubitatam
977 2781 1230 2833 habemus
1251 2781 1626 2835 revelationem.
1698 2782 1783 2834 62.
1824 2781 1925 2832 Sed
1952 2780 2071 2846 quia
2090 2779 2221 2828 circa

345 2855 638 2929 religionem
659 2859 876 2910 maxime
894 2870 1060 2910 errare
1081 2860 1251 2910 solent
1270 2860 1507 2910 homines
1526 2866 1579 2909 et
1596 2865 1689 2925 pro
1706 2859 2029 2925 ingeniorum
2050 2855 2221 2906 diver-

345 2933 492 2984 sitate
519 2933 682 2986 multa
709 2947 894 3002 magno
923 2937 1200 2990 certamine
1230 2935 1448 3004 fingere,
1488 2943 1547 2986 ut
1570 2935 1881 3002 experientia
1918 2933 2037 3000 plus
2064 2942 2219 2997 qnam

448 3100 488 3149 ⁸)
525 3098 620 3142 vm.
641 3103 682 3154 s.
703 3103 770 3144 24.
856 3069 859 3074 ⁴
