2548 3485
349 167 428 230 96
748 173 1135 220 TRACTATUS
1173 173 1571 220 TmzoLofflco
1584 171 1827 221 -Pom‘n

345 350 500 418 stylo,
541 351 632 418 qui
669 353 858 412 melius
892 353 1103 406 inservit
1137 352 1201 404 ad
1231 366 1315 404 res
1342 353 1505 418 magis
1534 351 1918 416 admirandum,
1960 359 2012 405 et
2039 360 2239 406 conse-¹

345 436 561 494 quenter
595 430 658 481 ad
696 429 1018 481 devotionem
1056 432 1112 482 in
1149 431 1335 482 animis
1372 431 1507 497 uulgi
1542 430 1967 498 imprimendum.
2039 434 2127 484 45.
2166 433 2221 484 Si

344 506 500 572 igitur
526 507 779 572 quaedam
809 508 860 557 in
891 510 1051 559 sacris
1080 507 1242 560 literis
1260 507 1614 574 reperiuntur,
1654 523 1875 574 quorum
1895 523 2081 561 causas
2100 509 2223 560 red·-

345 583 466 635 dere
482 585 744 636 nescimus
765 592 814 636 et
831 599 965 651 quae
983 592 1200 652 praeter,
1239 585 1346 636 imo
1365 592 1539 637 contra
1560 585 1793 637 ordinem
1812 593 2026 637 naturae
2042 585 2226 638 viden-

347 667 427 712 tur
444 662 749 726 contigisse,
787 677 844 714 ea
865 678 1058 715 moram
1090 663 1241 716 nobis
1267 664 1477 715 iniicere
1506 677 1609 715 non
1638 661 1855 726 debent,
1892 663 1985 714 sed
2012 665 2225 715 omnino

345 738 689 802 credendum,
745 738 825 804 id,
885 741 1022 807 qnod
1070 754 1242 792 revera
1286 741 1525 806 contigit,
1580 740 1881 792 naturaliter
1914 741 2233 808 contigisse;‘

343 814 481 880 quod
511 816 662 866 etiam
693 831 751 867 ex
771 817 868 869 boc
885 818 1240 881 confirmatur,
1284 817 1426 884 quod
1446 818 1500 868 in
1522 817 1781 869 miraculis
1809 815 1983 885 plures
2003 819 2227 869 circum-

344 893 560 942 stantiae
596 893 1006 962 reperiebantur,
1063 897 1299 962 quamvis
1335 902 1505 947 tamen
1545 910 1647 947 non
1684 909 1891 962 semper
1936 904 2223 958 narrentur,

343 970 617 1037 praecipue
643 985 806 1037 quum
827 971 959 1039 stylo
979 973 1179 1040 poetico
1199 981 1471 1034 canantur;
1512 975 1951 1038 circumstantiae,
1993 974 2225 1039 inquam,

343 1045 709 1098 miraculorum
745 1049 878 1100 clare
915 1049 1223 1113 ostendunt,
1271 1051 1386 1116 ipsa
1424 1065 1608 1102 causas
1650 1051 1907 1102 naturales
1945 1052 2224 1116 requirere.

341 1123 428 1174 46.
465 1125 666 1192 Nempe
685 1130 743 1175 ut
757 1124 996 1193 Aegyptii
1027 1127 1200 1179 scabie
1218 1127 1609 1192 infestarentur,
1652 1141 1788 1192 opus
1808 1127 1930 1188 suit,
1973 1133 2034 1177 ut
2048 1128 2226 1180 Moses

344 1199 562 1251 favillam
585 1203 638 1252 in
658 1205 827 1253 aerem
849 1217 1060 1254 sursum
1089 1211 1369 1269 spargeret.
1441 1204 1573 1255 Vide
1591 1204 1753 1254 Exodi
1772 1217 1885 1268 cap.
1909 1203 1961 1254 9.
1982 1217 2115 1255 vers.
2140 1203 2225 1256 10.

343 1280 596 1330 Locustae
623 1279 776 1330 etiam
797 1293 855 1331 ex
875 1280 1116 1331 mandato
1135 1281 1229 1332 Dei
1251 1281 1495 1343 naturali,
1539 1294 1727 1345 nempe
1746 1295 1805 1331 ex
1824 1286 1973 1332 vento
1994 1279 2226 1332 orientali

345 1357 540 1420 integro
567 1355 651 1407 die
681 1363 732 1407 et
767 1363 916 1407 nocte
954 1357 1136 1420 flante,
1177 1357 1549 1422 Aegyptiorum
1585 1358 1846 1423 regionem
1884 1359 2144 1424 petierunt
2178 1363 2231 1407 et

341 1439 489 1484 vento
527 1433 827 1485 occidentali
871 1433 1154 1486 fortissimo
1201 1433 1417 1484 eandem
1462 1434 1803 1500 reliquerunt.
1892 1433 2023 1485 Vide
2058 1432 2222 1484 Exod.

343 1524 456 1576 cap.
481 1510 565 1564 10.
585 1525 636 1562 v.
661 1511 745 1563 13.
769 1512 853 1564 14.
877 1512 959 1564 19.
1033 1509 1230 1564 Eodem
1252 1511 1404 1561 etiam
1423 1511 1520 1562 Dei
1538 1512 1689 1562 iussn
1709 1526 1849 1562 mare
1867 1511 1997 1563 viam
2018 1511 2225 1562 Indaeis

342 1587 542 1655 aperuit
579 1586 724 1654 (vide
751 1588 915 1640 Exod.
947 1592 1101 1642 c.14.
1131 1603 1181 1639 v.
1203 1588 1351 1656 210,
1390 1602 1577 1654 nempe
1610 1589 1781 1651 Euro,
1820 1588 1909 1654 qui
1944 1585 2227 1638 fortissime

341 1667 536 1730 integra
565 1671 714 1716 noete
746 1665 903 1718 flavit.
975 1666 1063 1718 47.
1101 1663 1301 1716 Deinde
1330 1671 1389 1716 ut
1412 1665 1555 1716 Elisa
1584 1679 1801 1730 puerum
1819 1703 1833 1727 ,
1872 1664 1963 1730 qui
1989 1670 2227 1714 mortuus

343 1741 673 1807 credebatur,
715 1744 978 1812 excitaret,
1019 1744 1293 1810 aliquoties
1311 1758 1473 1810 puero
1492 1742 1789 1795 incumbere
1816 1741 2021 1806 debuit,
2062 1739 2227 1792 donec

343 1821 488 1886 prius
519 1819 790 1871 incaluerit
825 1827 875 1871 et
910 1820 1115 1873 tandem
1155 1822 1333 1873 oculos
1368 1821 1644 1888 aperuerit.
1718 1818 1846 1871 Vide
1882 1821 2011 1886 Reg.
2047 1818 2139 1871 lib.
2168 1820 2223 1874 2.

342 1910 456 1963 cap.
477 1900 529 1947 4.
550 1912 600 1948 v.
623 1896 710 1948 34.
733 1896 818 1948 35.
893 1898 980 1949 Sic
999 1898 1150 1950 etiam
1173 1899 1227 1949 in
1248 1897 1511 1965 evangelio
1532 1898 1739 1949 Ioannis
1758 1910 1873 1963 cap.
1894 1896 1946 1948 9.
1970 1896 2223 1962 quaedam

343 1981 620 2026 narrantur
639 1975 1054 2027 circumstantiae
1067 2015 1082 2038 ,
1121 1976 1318 2042 quibus
1336 1976 1573 2027 cbristus
1600 1988 1731 2025 usus
1750 1973 1911 2025 estad
1932 1974 2226 2027 sanandum

343 2066 554 2103 coecum
565 2052 636 2117 ⁴²).
683 2052 750 2103 Et
769 2054 844 2103 sic
863 2052 958 2103 alia
979 2052 1139 2103 multa
1160 2056 1212 2105 in
1236 2054 1514 2120 Scripturis
1532 2052 1877 2118 reperiuntur,
1902 2064 2035 2115 quae
2053 2051 2226 2102 omnia

342 2130 468 2181 satis
495 2129 804 2193 ostendunt,
845 2131 1091 2182 miracula
1119 2130 1285 2194 aliud,
1326 2145 1481 2197 quam
1502 2128 1799 2181 absolutum
1818 2129 1944 2190 Dei,
1984 2134 2043 2179 ut
2060 2128 2221 2189 aiunt,

343 2206 641 2259 mandatum
672 2208 948 2274 requirere.
1021 2208 1109 2259 48.
1150 2209 1320 2271 Quare
1351 2206 1694 2269 credendum,
1732 2206 1971 2270 quamvis
1998 2206 2225 2257 circum-

343 2286 559 2337 stantiae
605 2284 968 2336 miraculorum
1017 2298 1299 2352 eorumque
1336 2285 1593 2336 naturales
1633 2297 1819 2335 causae
1855 2297 1959 2333 non
1998 2296 2223 2349 semper,

341 2376 510 2428 neque
535 2374 716 2412 omnes
746 2367 1070 2426 enarrentur,
1114 2360 1359 2413 miracula
1386 2366 1557 2412 tamen
1586 2375 1689 2411 non
1720 2362 1834 2411 sine
1852 2359 2039 2412 iisdem
2058 2360 2227 2412 conti-

343 2441 499 2505 gisse.
573 2438 728 2501 Quod
754 2439 906 2490 etiam
938 2446 1137 2491 consta-t
1163 2454 1222 2491 ex
1249 2436 1412 2490 Exodi
1441 2452 1556 2505 cap.
1580 2440 1663 2490 14.
1686 2452 1733 2489 v.
1752 2437 1870 2499 27„
1910 2437 2002 2489 ubi
2022 2442 2223 2489 tantum

343 2522 599 2577 narratur,
640 2515 780 2582 quod
809 2530 867 2567 ex
888 2516 1000 2567 solo
1021 2522 1152 2570 nutu
1171 2516 1306 2569 Mosl
1329 2529 1467 2566 mare
1484 2516 1669 2567 iterum
1691 2515 1963 2576 intumuit,
2006 2528 2102 2565 nec
2120 2514 2225 2565 ulla

341 2596 476 2645 venti
507 2594 700 2645 mentio
717 2591 802 2654 fit3
843 2600 892 2645 et
919 2601 1090 2645 tamen
1111 2593 1164 2644 in
1185 2594 1381 2645 cantico
1408 2592 1530 2659 (Ex.
1553 2606 1666 2657 cap.
1692 2592 1774 2643 15.
1794 2603 1844 2641 v.
1869 2590 1985 2659 10.)
2014 2590 2222 2654 dicitur,

343 2674 393 2723 id
415 2671 692 2736 contigisse
711 2683 770 2720 ex
787 2684 866 2732 eo,
907 2670 1046 2736 quod
1067 2671 1210 2721 Deus
1231 2676 1381 2723 vento
1400 2682 1497 2720 suo
1518 2668 1592 2734 (id
1612 2672 1710 2729 est,
1749 2673 1899 2719 vento
1922 2668 2227 2731 fortissimo)

343 2748 558 2801 flaverit.
631 2749 804 2810 Quare
823 2746 950 2797 haec
967 2748 1354 2799 circumstantia
1375 2746 1427 2797 in
1450 2744 1660 2797 historia
1682 2744 1954 2807 omittitur,
1994 2752 2044 2795 et
2062 2746 2221 2795 mira-

343 2826 515 2877 culum
545 2838 603 2875 ea
634 2822 700 2874 de
719 2837 873 2875 causa
893 2825 1300 2878 maius-videtur.
1373 2824 1460 2876 49.
1498 2822 1567 2873 At
1584 2820 1759 2873 forsan
1778 2820 1993 2873 instabit
2010 2820 2216 2886 aliquis,

345 2915 440 2951 nos
467 2901 706 2968 perplura
737 2902 790 2951 in
819 2902 1098 2968 scripturis
1128 2904 1377 2970 reperire,
1404 2914 1549 2971 ,quae
1576 2899 1723 2951 nullo
1750 2898 1905 2950 modo
1931 2902 2219 2963 percausas

344 2978 604 3029 naturales
637 2978 875 3031 videntur
909 2992 1066 3045 posse
1100 2982 1363 3048 explicari,
1421 2986 1478 3031 ut
1524 2976 1665 3045 quod
1711 2981 1915 3044 peccata
1951 2974 2219 3024 bominum

446 3144 489 3195 ⁸)
518 3144 618 3188 101..
636 3146 678 3201 ο,
697 3148 737 3188 a.
759 3149 799 3189 τ.
