2548 3485
374 211 498 278 182
776 219 1168 268 TRACTATUS
1205 217 1862 266 wnnonomcomom‘r.

377 401 464 452 33.
501 401 631 452 Nam
661 399 911 452 affirmare
942 397 1089 464 nolo,
1129 399 1267 466 quod
1290 399 1549 468 Scriptura
1571 404 1825 466 quatenus
1848 399 2012 466 legem
2035 397 2254 450 divinam

374 479 629 543 continet,
670 491 877 546 semper
895 477 1104 529 eosdem
1127 479 1327 546 apiceS‚
1368 477 1575 528 easdem
1597 476 1798 540 literas,
1838 484 1889 528 et
1917 476 2141 542 deniqne
2169 492 2259 528 ea-

375 556 491 607 dem
513 555 665 608 verba
685 555 900 607 servavit
918 553 1038 620 (boc
1059 553 1195 606 enim
1210 553 1490 608 Masoretis
1506 555 1660 620 etqui
1679 552 1880 605 literam
1898 555 2259 620 superstitiose

374 632 615 696 adorant,
657 631 1120 684 demonstrandum
1160 630 1451 699 relinquo),
1494 631 1585 683 sed
1625 637 1825 683 tantum
1867 629 2008 698 quod
2047 618 2255 697 seu'suS,

373 712 570 762 ratione
607 711 758 761 cuins
798 715 999 761 tantum
1037 709 1196 760 oratio
1235 707 1409 773 aliqua
1448 708 1616 761 divina
1652 711 1815 759 vocari
1847 715 2047 774 potest,
2087 710 2261 761 incor-

373 795 558 852 ruptus
582 786 644 838 ad
667 799 764 837 nos
785 787 1042 854 pervenit,
1082 789 1284 836 tametsi
1304 785 1453 836 verba
1476 825 1490 848 ,
1532 783 1727 853 quibus
1749 787 1915 852 primo
1936 785 2260 852 significatus

375 863 475 913 fnit
490 902 503 923 ‚
543 864 757 930 saepius
778 871 974 914 mutata
995 863 1159 914 fuisse
1181 869 1561 929 supponantur.
1633 864 1764 914 Nam
1786 863 1909 926 hoc,
1936 870 1995 913 ut
2014 863 2259 926 diximus,

375 939 500 990 nibil
535 941 826 1008 scripturae
865 940 1111 992 divinitati
1158 938 1401 998 detrabit;
1442 953 1563 990 nam
1596 941 1859 1009 Scriptura
1900 955 2061 1006 aeque
2090 940 2263 992 divina

375 1023 542 1079 esset,
585 1020 683 1068 etsi
715 1018 832 1070 aliis
860 1015 1028 1069 verbis
1059 1023 1146 1067 aut
1175 1017 1278 1067 alia
1297 1017 1467 1080 lingua
1489 1017 1678 1083 scripta
1701 1017 1907 1068 suisset.
1983 1019 2067 1069 34.
2109 1014 2264 1080 Quod

374 1094 546 1159 itaque
565 1093 728 1160 legem
760 1095 988 1148 divinam
1016 1092 1111 1145 hac
1141 1094 1337 1145 ratione
1370 1095 1715 1158 incorruptam
1745 1096 2071 1161 accepimus,
2112 1108 2263 1144 nemo

375 1170 609 1222 dubitare
631 1179 820 1239 potest.
892 1171 1024 1224 Nam
1045 1183 1103 1220 ex
1121 1170 1234 1237 ipsa
1255 1169 1522 1238 Scriptura
1543 1169 1742 1236 absque
1775 1170 1878 1222 ulla
1900 1171 2193 1223 difficultate
2213 1177 2265 1221 et

374 1246 708 1314 ambiguitate
737 1249 1053 1315 percipimus
1083 1248 1196 1299 eius
1227 1260 1488 1299 summam
1520 1261 1659 1310 esse,
1700 1247 1873 1298 Deum
1899 1263 2063 1316 supra
2086 1249 2263 1299 omnia

375 1340 557 1377 amare
575 1328 952 1392 etprooeimum
971 1329 1226 1392 tanquam
1242 1342 1299 1375 se
1318 1327 1489 1392 ipsum
1499 1323 1578 1392 *).
1615 1324 1779 1391 Atqui
1802 1324 1899 1375 hoc
1919 1322 2263 1376 adulterinum

377 1417 492 1456 esse
515 1417 616 1453 non
637 1409 828 1469 potest,
861 1417 958 1454 nec
977 1417 1004 1452 a
1027 1401 1299 1452 festinante
1319 1409 1367 1452 et
1386 1408 1585 1453 errante
1607 1402 1801 1452 calamo
1824 1403 2101 1470 scriptum;
2145 1413 2263 1450 nam

375 1481 422 1532 si
443 1481 704 1547 Scriptura
726 1495 960 1546 unquam
981 1478 1122 1530 aliud
1146 1479 1349 1541 docuit,
1389 1480 1683 1529 necessario
1705 1480 1855 1530 etiam
1877 1481 2071 1544 reliqua
2092 1477 2265 1528 omnia

377 1557 558 1608 docere
587 1556 734 1608 aliter
762 1557 972 1619 debuit,
1015 1555 1438 1622 quandoquidem
1469 1555 1565 1606 boc
1596 1557 1752 1608 totius
1784 1557 2042 1624 religionis
2070 1554 2265 1606 runda-

376 1642 608 1684 mentum
629 1639 882 1702 est‚,quo
901 1631 1105 1684 sublato
1138 1639 1238 1684 tota
1263 1631 1453 1683 fabrica
1476 1647 1580 1683 uno
1599 1631 1751 1698 lapsu
1770 1636 1890 1685 ruit.
1962 1633 2048 1685 35.
2087 1631 2266 1682 Adeo-

379 1725 480 1778 que
498 1711 614 1762 talis
636 1711 896 1777 Scriptura
918 1709 1001 1761 illa
1024 1709 1201 1761 eadem
1225 1722 1328 1761 non
1348 1714 1516 1771 esset,
1540 1709 1603 1761 de
1624 1724 1724 1776 qua
1746 1708 1827 1763 bic
1846 1709 2136 1777 loquimur,
2172 1705 2266 1774 sed

377 1788 510 1838 alius
541 1800 756 1853 prorsus
786 1786 936 1839 liber.
1009 1786 1187 1841 Manet
1215 1788 1371 1854 igitur
1390 1788 1793 1852 inconcussum,
1834 1789 2149 1854 scripturam
2168 1784 2267 1837 boc

378 1878 584 1931 semper
605 1865 864 1923 docuisse,
879 1872 930 1916 et
951 1871 1328 1929 consequenter
1348 1863 1431 1915 hic
1452 1864 1652 1916 nullum
1674 1880 1916 1928 errorem,
1940 1865 2030 1931 qui
2052 1874 2265 1915 sensum

379 1956 705 2007 corrumpere
725 1943 911 2008 possit,
951 1942 1217 2002 incidisse,
1243 1942 1332 2007 qui
1352 1943 1524 1993 statim
1546 1942 1611 1992 ab
1633 1956 1947 2010 unoquoque
1968 1955 2070 1992 non
2093 1940 2264 1991 auim-

380 2020 754 2081 adverteretur,
794 2033 890 2069 nec
919 2018 1146 2086 aliquem
1175 2018 1274 2070 hoc
1304 2017 1578 2085 depravare
1600 2022 1861 2085 potuisse,
1902 2018 2051 2069 cuius
2073 2015 2265 2069 malitia

379 2109 483 2147 non
505 2094 640 2147 illico
665 2102 876 2162 pateret.
951 2095 1041 2147 36.
1081 2096 1256 2159 Quum
1290 2096 1462 2162 itaque
1493 2096 1588 2147 hoc
1613 2095 2005 2147 fundamentum
2026 2100 2265 2147 statuen-

381 2173 506 2224 dum
540 2174 608 2224 sit
638 2174 992 2240 incorruptum
1011 2213 1024 2234 ,
1064 2172 1203 2224 idem
1237 2174 1529 2224 necessario
1557 2172 1823 2224 fatendum
1845 2180 1923 2224 es't
1945 2172 2007 2223 de
2029 2170 2261 2237 reliquis,

380 2264 512 2317 quae
549 2265 608 2302 ex
643 2264 704 2301 eo
741 2248 940 2315 absque
979 2249 1080 2300 ulia
1112 2250 1459 2301 controversia
1496 2258 1815 2314 sequuntur,
1857 2256 1908 2301 et
1946 2263 2077 2315 quae
2113 2248 2269 2298 etiam

381 2327 785 2378 fundamentalia
809 2334 958 2377 sunt:
998 2333 1086 2390 ut,
1127 2326 1266 2393 quod
1288 2328 1430 2377 Deus
1462 2329 1669 2389 existat,
1710 2326 1849 2393 quod
1872 2325 2115 2378 omnibus
2138 2338 2266 2391 pro-

383 2403 581 2468 videat,
621 2403 762 2468 qnod
795 2405 864 2453 sit
893 2404 1218 2469 omnipotens
1235 2443 1248 2464 ‚
1290 2411 1339 2454 et
1360 2403 1499 2469 quod
1521 2404 1623 2469 piis
1644 2419 1700 2455 ex
1720 2405 1887 2470 ipsius
1910 2404 2113 2455 decreto
2136 2402 2269 2453 bene

380 2481 474 2541 sit,
515 2480 766 2546 improbis
795 2494 913 2531 vero
945 2480 1105 2542 male,
1145 2486 1194 2530 et
1225 2479 1365 2545 quod
1398 2486 1572 2531 nostra
1601 2480 1745 2532 salus
1776 2495 1804 2531 a
1837 2481 1944 2533 sola
1978 2482 2090 2531 eius
2112 2480 2271 2545 gratia

379 2554 622 2624 pendeat.
693 2556 834 2607 Haec
855 2558 992 2607 enim
1014 2557 1184 2607 omnia
1205 2556 1469 2623 Scriptura
1500 2559 1769 2623 perspicue
1790 2556 1989 2623 ubique
2012 2557 2179 2617 docet,
2220 2560 2270 2605 et

381 2647 588 2700 semper
625 2632 805 2685 docere
842 2631 1047 2695 debuit;
1091 2634 1216 2684 alias
1253 2632 1449 2700 reliqua
1487 2634 1657 2685 omnia
1696 2647 1825 2685 vana
1865 2636 2043 2685 essent
2078 2640 2127 2684 et
2156 2633 2270 2683 sine

383 2709 740 2762 fundamento.
813 2708 899 2761 37.
922 2711 1027 2761 Nec
1043 2711 1215 2761 minus
1231 2710 1523 2777 incorrupta
1540 2710 1811 2762 statuenda
1828 2710 2026 2775 reliqua
2040 2707 2269 2771 moralia,

384 2786 805 2854 quandoquidem
839 2785 902 2837 ab
934 2788 1030 2838 boc
1069 2788 1345 2839 universali
1384 2786 1720 2839 fundamento
1759 2788 2143 2839 evidentissime
2182 2800 2273 2836 se-

386 2873 643 2930 quuntur:
682 2864 918 2916 videlicet
935 2864 1184 2915 iustitiam
1204 2864 1507 2926 defendere,
1548 2863 1689 2930 inopi
1711 2864 1897 2916 auxilio
1916 2877 2059 2926 esse,
2102 2862 2275 2913 nemi-

387 2954 504 2997 nem
525 2941 781 3005 occidere,
821 2940 1179 2993 nihilalterius
1211 2943 1576 3008 concupiscere
1595 2949 1692 2993 etc.
1766 2942 1995 3005 Horum,
2034 2940 2267 3005 inquam,

387 3016 514 3067 nibil
542 3033 636 3070 nec
665 3019 932 3071 bominum
961 3017 1153 3071 malitia
1182 3018 1484 3085 depravare,
1522 3033 1618 3071 nec
1644 3025 1869 3070 vetustas
1890 3017 2062 3068 delere
2082 3016 2270 3084 potuit.

493 3183 531 3234 ⁸)
568 3184 667 3230 vid.
689 3186 878 3233 Denter.
899 3190 942 3241 6,
961 3189 1002 3233 4.
1023 3190 1062 3231 5.
1105 3190 1250 3237 Marc.
1273 3191 1340 3243 12,
1361 3190 1426 3231 29.
1447 3199 1551 3245 sqq.
1590 3188 1725 3233 Rom.
1748 3188 1815 3237 13,
1834 3188 1878 3231 8·
1894 3196 1999 3241 sqq.
