2548 3485
365 138 487 204 256
754 144 1147 192 ΤιιΑοΤΑΤιιει
1184 144 1841 193 ‘rnnonofflco-Pomw.

364 338 477 387 neS,
502 329 607 381 tam
626 323 883 377 humanae
903 339 1058 390 quam
1079 323 1300 385 divinae,
1324 322 1700 379 accommodari
1721 322 1932 379 debent,
1993 320 2064 375 At
2081 335 2247 388 quum

362 402 526 453 solius
556 415 789 457 summae
817 403 1083 468 potestatis
1121 400 1347 453 officium
1377 403 1470 465 sit,
1509 400 1879 462 determinare,
1920 400 2044 466 quid
2085 401 2242 451 saluti

362 479 523 529 totius
542 478 722 545 populi
742 485 793 530 et
811 480 1012 545 imperii
1032 479 1293 532 securitati
1315 493 1524 531 necesse
1546 481 1641 541 sit,
1679 485 1730 530 et
1748 478 1876 543 quid
1895 492 2110 529 necesse
2126 490 2242 529 esse

360 554 689 616 iudicaverit,
728 556 1005 622 imperare3
1046 555 1167 608 hinc
1192 556 1456 621 sequitur,
1499 557 1664 609 solius
1699 556 1854 609 etiam
1884 568 2118 607 summae
2146 568 2244 621 po-

362 632 559 684 testatis
578 630 799 685 officium
822 645 957 695 esse,
981 631 1340 696 determinare,
1371 649 1473 700 qua
1493 634 1684 685 ratione
1705 631 2070 698 unusquisque
2090 632 2246 684 debet

360 710 651 775 proximum
676 709 863 774 pietate
890 707 1081 774 colere,
1124 709 1227 761 boc
1246 718 1355 772 est,
1395 725 1496 777 qua
1525 711 1720 763 ratione
1749 710 2115 776 unusquisque
2132 711 2244 761 Deo

362 784 572 837 obedire
609 791 831 838 tenetur.
902 787 991 839 25.
1028 786 1104 839 Ex
1138 786 1221 839 his
1258 788 1396 840 clare
1433 787 1796 854 intelligimus,
1843 800 1963 853 qua
1996 788 2248 839 ratione

362 876 640 915 summae
676 868 1035 929 potestates
1062 864 1458 931 interpretes
1485 863 1827 931 religionis
1854 865 2019 925 sinu
2059 864 2246 915 deinde

363 940 503 1008 quod
531 954 684 991 nemo
703 940 813 991 Deo
834 947 968 992 recte
986 939 1197 993 obedire
1216 948 1404 1007 potest,
1425 942 1470 993 si
1491 940 1686 992 cultum
1707 942 1930 1007 pietatis,
1955 955 2060 1007 qua
2078 954 2245 991 unus-

364 1018 589 1085 quisque
629 1022 860 1079 tenetur,
900 1016 1142 1085 publicae
1176 1018 1386 1069 utilitati
1423 1033 1525 1070 non
1563 1017 1941 1081 accommodet,
1981 1025 2030 1070 et
2059 1032 2247 1069 conse-

364 1101 606 1161 quenter,
654 1096 700 1147 si
746 1093 991 1147 omnibus
1034 1104 1271 1147 summac
1310 1095 1578 1162 potestatis
1616 1093 1833 1147 decretis
1871 1109 1976 1146 non
2015 1092 2242 1147 obediat.

362 1172 459 1225 26.
489 1172 621 1228 Νυιιι
649 1170 1070 1238 quandoquidem
1100 1187 1158 1225 ex
1179 1174 1276 1225 Dei
1305 1171 1546 1225 mandato
1583 1185 1766 1223 omnes
1803 1170 1976 1241 (nullo
2011 1172 2246 1240 excepto)

364 1249 604 1315 pietatem
623 1248 789 1301 colere
809 1256 1066 1311 tenemur,
1088 1252 1390 1316 neminique
1411 1235 1660 1300 damnum
1679 1249 1890 1310 inferre,
1923 1247 2043 1299 binc
2061 1250 2247 1316 sequi-

363 1333 474 1389 tur,
512 1325 706 1380 nemini
726 1325 907 1387 licere,
931 1341 1083 1393 opem
1104 1327 1256 1382 alicui
1274 1342 1392 1380 cum
1412 1326 1653 1388 alteriuS,
1676 1332 1726 1377 et
1745 1326 1910 1379 multo
1929 1325 2102 1380 minus
2121 1340 2244 1377 cum

366 1403 526 1457 totius
560 1402 871 1470 reipublicae
898 1404 1087 1458 damno
1115 1405 1274 1466 ferre;
1315 1404 1548 1470 adeoque
1586 1405 1843 1457 neminem
1879 1417 2035 1469 posse
2071 1404 2248 1471 proxi-

367 1494 511 1534 mum
549 1482 734 1548 pietate
768 1481 934 1533 colere
971 1479 1261 1533 secundum
1288 1482 1386 1533 Dei
1423 1480 1754 1546 mandatum,
1794 1480 1898 1533 nisi
1927 1480 2165 1545 pietatem
2199 1487 2251 1533 et

366 1557 668 1623 religionem
688 1556 929 1625 publicae
948 1558 1154 1609 utilitati
1170 1557 1544 1609 accommodet.
1616 1558 1704 1612 27.
1734 1559 1808 1610 At
1824 1556 2000 1611 nullus
2019 1558 2249 1624 privatus

367 1635 499 1687 scire
519 1640 711 1701 potest,
737 1633 862 1700 quid
882 1632 1195 1699 reipublicae
1215 1634 1342 1688 utile
1361 1633 1454 1695 sit,
1489 1634 1591 1687 nisi
1611 1649 1669 1687 ex
1687 1634 1904 1687 decretis
1923 1649 2248 1687 summarum

368 1717 709 1779 potestatum,
749 1724 967 1776 quarum
991 1717 1190 1764 tantum
1212 1717 1319 1773 est,
1359 1712 1560 1778 negotia
1581 1710 1785 1779 publica
1805 1719 2040 1764 tractare.
2111 1712 2248 1779 Ergo

370 1803 522 1840 nemo
541 1789 782 1854 pietatem
804 1793 936 1840 recte
957 1789 1123 1840 colere
1138 1828 1151 1852 ,
1186 1802 1282 1840 nec
1300 1789 1408 1840 Deo
1429 1787 1639 1841 obedire
1656 1797 1852 1856 potest,
1882 1791 1982 1842 nisi
2003 1791 2248 1842 omnibus

368 1879 604 1917 summae
622 1864 894 1931 potestatis
915 1865 1133 1918 decretis
1153 1865 1490 1933 obtemperet.
1539 1867 1624 1920 28.
1645 1867 1820 1932 Atque
1841 1867 1937 1918 boc
1957 1867 2074 1934 ipsa
2092 1868 2250 1920 etiam

369 1942 510 2010 praxi
540 1941 889 1994 confirmatur.
960 1944 1129 2006 Quem
1150 1945 1316 2005 enim,
1347 1944 1457 1996 sive
1477 1945 1636 1995 civem
1655 1943 1764 1994 sive
1781 1949 2101 2010 extraneum,
2129 1948 2249 2013 pri-

370 2029 539 2076 vatum
577 2019 655 2073 vel
690 2019 967 2086 imperium
1002 2022 1056 2072 in
1093 2021 1223 2074 alios
1261 2028 1548 2082 tenentem,
1589 2034 1794 2071 summa
1829 2028 2059 2087 potestas
2103 2037 2249 2072 reum

370 2100 549 2151 mortis
577 2097 655 2150 vel
682 2096 883 2148 hostem
913 2098 1183 2186 iudicavit,
1224 2099 1417 2150 nemini
1445 2096 1774 2149 subditorum
1803 2097 1974 2149 eidem
2003 2098 2250 2150 auxilium

371 2176 502 2228 ferre
522 2176 654 2227 licet.
728 2174 814 2226 Sic
834 2173 1015 2236 etiam,
1047 2155 1283 2241 quamvis
1301 2173 1554 2226 Hebraeis
1573 2173 1770 2228 dictum
1789 2173 1974 2238 suerit,
1995 2181 2056 2226 ut
2074 2189 2250 2226 unus-

372 2253 591 2320 quisque
620 2251 823 2303 socium
852 2257 1114 2318 tamquam
1144 2266 1200 2304 se
1228 2252 1402 2318 ipsum
1427 2258 1622 2304 amaret
1646 2251 1784 2312 (vide
1815 2244 1981 2304 Levit.
2011 2267 2126 2319 cap.
2162 2253 2250 2305 19.

372 2345 502 2382 vers.
529 2329 613 2381 17.
639 2327 780 2397 18.),
821 2327 1128 2382 tenebantur
1146 2336 1316 2380 tamen
1337 2343 1455 2380 eum
1470 2367 1485 2391 ,
1523 2329 1612 2394 qui
1633 2335 1807 2381 contra
1827 2328 1988 2380 edicta
2008 2328 2136 2394 legis
2154 2329 2254 2380 ali-

374 2406 495 2472 quid
527 2407 877 2468 commiserat,
914 2406 1070 2458 iudici
1100 2405 1326 2458 indicare
1363 2405 1505 2472 (vide
1531 2406 1698 2458 Levit.
1729 2420 1842 2472 cap.
1875 2408 1926 2459 5.
1954 2421 2086 2460 vers.
2121 2409 2170 2458 1.
2201 2413 2254 2458 et

377 2483 527 2535 Deut.
550 2497 664 2549 cap.
690 2483 772 2533 13.
794 2497 929 2534 vers..
952 2483 1002 2532 8.
1026 2482 1134 2546 9.),
1157 2490 1207 2534 et
1226 2481 1448 2536 eundem
1463 2521 1477 2545 ,
1501 2483 1546 2534 si
1565 2497 1685 2534 reus
1704 2484 1886 2534 mortis
1905 2482 2250 2545 indicabatur,

373 2558 658 2612 interficere
688 2557 827 2624 (vide
845 2559 1001 2610 Deut.
1033 2572 1145 2624 ουρ.
1168 2558 1253 2611 37.
1274 2573 1407 2612 vers.
1433 2560 1532 2627 7.).
1607 2557 1692 2610 29.
1729 2559 1932 2612 Deinde
1949 2568 2008 2612 ut
2024 2560 2250 2612 Hebraei

374 2638 661 2690 libertatem
682 2634 917 2702 adeptam
936 2643 1155 2702 possent
1174 2650 1471 2688 conservare
1493 2643 1542 2688 et
1561 2643 1739 2696 terrae,
1770 2650 1902 2702 quas
1923 2647 2248 2704 occuparent,

375 2716 589 2784 imperio
609 2712 846 2765 absoluto
864 2714 1167 2776 retinerent,
1208 2727 1422 2766 necesse
1443 2712 1563 2773 suit,
1599 2714 1674 2764 uti
1691 2727 1808 2780 cap.
1829 2715 1996 2766 xvu.
2021 2715 2252 2766 ostendi-

377 2792 588 2860 mus*),
628 2798 685 2842 ut
712 2790 1007 2858 religionem
1040 2805 1135 2842 suo
1163 2790 1256 2841 soli
1288 2791 1503 2856 imperio
1521 2791 1993 2853 accommodarent,
2031 2807 2256 2857 seseque

378 2885 406 2920 υ
441 2869 655 2935 reliquis
684 2867 977 2920 nationibus
1004 2875 1325 2934 separarent3
1366 2872 1417 2919 et
1441 2867 1557 2919 ideo
1588 2869 1652 2920 iis
1681 2868 1877 2920 dictum
1904 2868 2030 2920 fuit:
2067 2869 2256 2934 Dilige

376 2947 679 3012 proximum
697 2949 846 2998 tuum
862 2949 917 2996 et
932 2945 1054 2996 odio
1071 2945 1205 2996 habe
1222 2947 1496 2996 inimicum
1513 2950 1682 2997 tuum.
1719 2945 1850 3000 Vide
1872 2944 2054 2998 Mattb.
2070 2960 2186 3014 cap.
2201 2948 2255 2998 5.

484 3119 527 3170 ·)
560 3119 659 3163 Vid.
680 3131 783 3177 ουρ.
803 3124 868 3165 ιτ.
888 3124 930 3176 ς.
949 3123 1015 3164 2⁶.
1036 3134 1140 3180 sqq.
