2548 3485
1052 174 1434 223 PRAEFATIO.
2136 178 2173 215 V

389 356 445 410 2.
482 353 772 405 Frieder.
810 352 1018 420 Bappo
1030 353 1160 405 ltus
1177 372 1216 404 .·.
1238 390 1280 417 ,‚
1294 354 1457 406 oratio
1495 360 1673 406 eontra
1701 354 2043 407 naturalistos
2074 353 2175 405 ha·-

295 441 399 494 bita
425 439 562 509 ipsis
589 439 839 493 Calendis
862 440 1003 492 Iunii
1023 454 1072 491 a.
1098 438 1230 493 1670
1245 456 1260 504 ;
1277 442 1318 469 “
1353 440 1409 492 in
1432 440 1673 493 eiusdem
1692 456 1815 509 opp.
1835 438 2063 507 theolog.
2087 440 2170 493 ed.

295 528 356 579 ab
374 527 488 578 ιον..
505 525 748 578 Bauium.
771 526 1078 593 σαφωυεο.
1117 524 1266 594 mps.
1294 525 1444 580 1692.
1482 532 1523 577 t.
1546 528 1591 577 1.
1630 512 1859 594 p.1386'.
1882 540 2004 593 sqq.
2050 528 2173 580 vid.

296 612 505 665 Galen-us
520 612 574 665 la
589 612 672 665 vie
693 610 759 663 de
778 612 1004 679 Spinoza
1026 626 1078 678 p.
1101 612 1221 663 652.
1247 611 1415 679 (apud
1432 611 1581 663 Paul.
1607 612 1758 679 Spin.
1780 626 1905 679 opp.
1926 618 1966 663 t.
1988 614 2091 677 11.)

391 716 444 767 3.
482 715 854 783 Anonymus
882 713 1144 781 quidam
1171 714 1228 765 S.
1250 714 1327 766 Μ.
1351 715 1413 766 V.
1434 714 1500 765 1).
1521 716 1627 766 M.:
1669 713 1939 782 „epistola
1956 713 2020 765 ad
2040 714 2177 765 ami-

294 811 412 855 cum
441 802 718 853 continens
746 814 1023 853 censuram
1051 796 1207 864 libri,
1244 800 1331 851 oui
1359 798 1547 851 titulus
1566 802 1829 851 tractatus
1848 798 2179 865 theologico-

288 887 606 954 politicm.“
682 886 952 939 Ultroieeti
1001 900 1060 937 ex
1103 884 1333 937 officina.
1362 884 1593 939 Cornelii
1637 888 1899 940 Noenaert
1947 884 2173 954 bibliop.

293 987 429 1027 anno
450 967 600 1026 1671.
641 975 693 1025 4.
730 972 801 1024 48
826 986 980 1040 pagg.

394 1078 449 1128 4.
500 1076 630 1127 Iole.
677 1073 946 1136 Gom-ad.
984 1074 1311 1125 Dum-ritu
1362 1074 1501 1142 prof.
1548 1074 1773 1126 Alton-L:
1848 1074 2069 1138 „ormo
2112 1074 2177 1127 de

291 1168 629 1231 praepostera
673 1158 916 1213 libertate
959 1158 1405 1228 philosophandi,
1450 1162 1763 1228 praesertim
1808 1160 1867 1211 in
1904 1159 2177 1227 religionis

291 1248 570 1314 negotio‚“
586 1258 830 1329 uno-cum
849 1252 1230 1314 programmate
1250 1248 1359 1299 Iao.
1382 1244 1674 1300 Thomasii.
1694 1246 1847 1314 Lips.
1863 1244 1959 1299 167
1962 1248 2017 1301 2.
2052 1250 2105 1299 4.

397 1352 448 1402 5.
487 1348 886 1415 Regu-erma
915 1347 1246 1399 Mamvold
1268 1348 1466 1416 philos.
1498 1348 1638 1400 doct.
1669 1334 1720 1401 et
1744 1349 1882 1417 prof.
1905 1349 1963 1401 in
1988 1348 2180 1401 uende—

290 1438 398 1489 mia
433 1436 754 1487 Traiectina:
812 1433 1120 1499 „adversus
1165 1448 1483 1501 anonymum
1518 1440 1794 1487 tractatum
1846 1434 2181 1501 theologico-

289 1522 567 1591 politicum
612 1521 753 1573 liber
797 1520 1161 1587 singuloriS.“
1241 1520 1391 1587 Opus
1434 1520 1799 1588 posthumum.
1878 1518 2177 1572 Amstelod.

291 1608 448 1659 1674.
487 1610 540 1658 4.
580 1608 682 1659 364
699 1622 850 1675 pagg.
925 1607 1149 1674 Spinoza
1177 1607 1293 1673 ipse
1320 1605 1461 1658 hunc
1492 1606 1689 1658 librum
1711 1612 2045 1673 cognoverat,
2084 1604 2181 1657 sed

287 1695 431 1748 lectu
482 1700 533 1746 et
576 1693 920 1762 responsione
973 1692 1250 1758 indignum
1306 1690 1553 1746 habebat.
1632 1690 1753 1746 Vid.
1810 1692 1963 1775 δρία.
2020 1692 2176 1761 epist.

289 1783 379 1834 50.
421 1781 502 1846 (s.
527 1781 608 1845 5.)

396 1883 446 1934 6.
485 1883 614 1933 ΙοΙι.
657 1879 959 1932 Musaeus
992 1881 1269 1948 theologus
1306 1882 1576 1934 lenensis:
1628 1887 1933 1947 „tractatus
1970 1880 2181 1934 theolo-

287 1967 690 2038 gico-politicus
717 1966 784 2018 ad
811 1968 1044 2019 veritatis
1070 1967 1252 2019 lumen
1282 1968 1674 2020 examinatus.“
1744 1969 1902 2020 lenae
1932 1967 2085 2020 1674.
2124 1969 2177 2020 4.

286 2056 354 2108 96
377 2068 530 2122 pagg.
544 2091 562 2118 ,
600 2054 691 2120 qui
721 2053 875 2105 claris
898 2061 948 2105 et
967 2054 1098 2106 satis
1119 2053 1310 2105 solidis
1330 2051 1654 2116 rationibus,
1692 2054 1767 2104 uti
1788 2052 2019 2117 solebat,
2059 2069 2181 2107 eum

284 2141 520 2194 refutare
557 2139 780 2191 studuit.
853 2140 956 2192 Hie
991 2139 1127 2191 liber
1165 2146 1215 2190 et
1248 2140 1367 2207 ipse
1404 2138 1656 2206 Spinozae
1694 2140 1935 2204 cognitus
1970 2139 2025 2190 in
2064 2139 2180 2192 eius

283 2226 492 2279 scrinio
521 2223 588 2276 ab
615 2223 904 2278 heredibus
933 2231 1171 2294 repertus
1191 2230 1292 2277 est.
1367 2223 1519 2277 Conf.
1552 2223 1766 2275 Color-us
1792 2223 1843 2277 lo
1870 2224 1951 2278 vie
1972 2223 2037 2277 de
2055 2225 2181 2294 Spi-

283 2326 422 2365 noza
440 2326 495 2379 p.
518 2309 636 2362 650.
657 2323 743 2377 sq.

393 2411 447 2465 7.
501 2401 772 2480 ΤΙιοορΙι.
818 2411 1177 2480 Spizeliue:
1235 2413 1474 2478 ‚,infelix
1507 2413 1792 2466 literator“
1835 2429 1891 2482 p.
1931 2414 2053 2467 363.
2092 2429 2177 2482 sq.

281 2498 543 2553 Boterod.
568 2498 720 2552 1675.
757 2497 880 2552 Vid.
905 2498 1119 2551 Colerus
1137 2499 1177 2550 l.
1198 2499 1238 2550 l.
1260 2514 1315 2566 p.
1340 2499 1459 2552 648.

395 2601 451 2653 8.
490 2601 765 2654 Ioannes
797 2601 1365 2667 Brodenburgius:
1402 2603 1708 2666 „enervatio
1744 2609 1997 2656 tractatus
2027 2602 2180 2654 theo-

279 2689 504 2756 logieo-
514 2685 714 2754 politici
742 2701 848 2740 uno
875 2700 996 2738 eum
1024 2685 1469 2740 demonstratione
1498 2689 1813 2754 geometrico
1842 2688 2025 2740 ordine
2064 2688 2180 2740 dis-

276 2774 488 2842 posita,
515 2777 763 2824 naturam
787 2787 892 2822 non
911 2789 1020 2823 esso
1038 2774 1227 2838 Deum,
1259 2774 1413 2825 ouius
1434 2771 1575 2825 effati
1597 2775 1855 2826 contrario
1874 2773 2179 2842 praedictus

275 2863 545 2912 tractatus
565 2858 1052 2912 unieeinnititur.“
1123 2860 1372 2912 Boterod.
1399 2859 1550 2911 1675.
1590 2861 1641 2912 4.
1682 2860 1779 2913 100
1798 2875 1950 2927 pagg.
2020 2861 2178 2911 Hunc

273 2946 494 2996 librum
519 2943 588 2996 ab
611 2951 826 2997 *auctore
859 2943 1120 2996 sermonis
1148 2946 1324 2998 Latini
1348 2945 1530 3012 ignaro
1559 2946 1789 3013 primum
1808 2946 2017 3012 Belgiee
2041 2945 2178 2996 seri-

273 3038 440 3100 ptum
467 3041 588 3082 esse
619 3030 779 3083 refert
807 3029 1021 3082 Colerus
1053 3030 1091 3082 l.
1124 3031 1163 3083 l.
1186 3044 1240 3099 p.
1263 3031 1384 3082 648.
1461 3030 1615 3082 Conf.
1634 3030 1801 3098 Bayle
1830 3029 2175 3082 dictionnaire

273 3131 331 3169 s.
355 3116 590 3185 Spinoza
606 3115 687 3168 lit.
708 3117 779 3168 H.
801 3132 855 3184 p.
877 3115 1032 3172 2774.
