2548 3485
1050 165 1180 211 cn.
1243 163 1281 211 1.
2030 157 2107 218 17

223 343 284 395 ad
315 339 656 394 formandum
681 341 936 409 quasdam
963 343 1204 394 notiones
1229 355 1403 392 rerum
1444 346 1677 393 naturam
1714 341 2025 408 explicantes
2060 351 2111 393 et

221 423 352 471 vitae
373 435 532 472 usum
553 421 827 482 docentes;
870 422 1052 472 merito
1072 419 1263 470 mentis
1283 426 1538 482 naturam,
1580 427 1837 485 quatenus
1854 419 1971 471 talis
1990 433 2109 472 con-

224 499 440 563 cipltur,
479 499 702 565 primam
732 497 933 550 divinae
961 498 1283 549 revelationis
1310 510 1518 549 causam
1546 505 1771 550 statuere
1801 510 2105 563 possumus.

223 575 300 624 En
319 576 459 626 enim
478 577 654 626 omnia
669 614 684 636 ‚
721 589 855 642 quae
873 575 1007 626 clare
1027 581 1076 626 et
1095 574 1335 626 distincte
1356 574 1719 641 intelligimus,
1764 575 1858 626 Del
1887 574 2001 626 idea
2022 573 2112 640 (ut

225 651 382 702 modo
413 653 790 722 indicavimus)
822 661 874 704 et
902 661 1084 703 natura
1111 650 1265 703 nobis
1302 652 1488 714 dictat,
1528 667 1633 702 non
1670 650 1882 717 quidem
1920 648 2109 713 verbis,

225 728 320 780 sed
351 728 510 780 modo
541 729 693 797 longe
721 729 1072 781 excellentiore
1091 769 1105 791 ,
1145 735 1197 780 et
1227 731 1318 795 qui
1348 742 1465 780 cum
1496 736 1673 781 natura
1706 731 1893 780 mentis
1918 729 2113 795 optime

228 807 494 871 convenit,
531 815 590 858 ut
613 808 1008 873 unusquisque,
1047 807 1136 873 qui
1167 807 1527 858 certitudinem
1556 806 1848 859 intellectus
1869 807 2109 871 gustavit,

228 883 370 950 apud
399 898 458 934 sc
488 885 603 936 sine
630 883 789 936 dubio
819 891 1056 951 expertus
1083 892 1180 935 est.
1256 885 1309 936 6.
1348 885 1538 935 Verum
1569 886 1814 950 quoniam
1837 883 2114 936 meumin-

228 961 474 1011 stitutum
495 963 765 1029 praecipue
785 970 892 1021 est,
921 951 997 1013 *dc
1019 963 1082 1014 iis
1102 968 1305 1013 tantum
1330 961 1501 1028 loqui,
1542 976 1674 1027 quae
1694 960 1858 1013 solam
1878 961 2114 1026 Scriptu-

228 1051 339 1088 ram
359 1046 613 1106 spectant,
627 1039 821 1111 sufficit
841 1040 904 1091 de
923 1037 1118 1090 lumine
1138 1039 1358 1090 naturali
1376 1039 1501 1091 haec
1519 1053 1682 1106 pauca
1698 1039 1905 1090 dixisse.
1939 1039 2113 1101 Quare

228 1115 294 1166 ad
316 1114 445 1166 alias
464 1130 648 1168 causas
671 1125 720 1168 et
739 1115 905 1167 media
920 1156 934 1180 ,
965 1116 1160 1182 quibus
1179 1117 1322 1168 Deus
1342 1131 1401 1168 ea
1421 1115 1719 1168 hominibus
1739 1115 1923 1168 revelat
1937 1154 1950 1175 ,
1980 1129 2115 1179 quae

227 1191 427 1244 limites
447 1193 694 1245 naturalis
714 1194 1023 1260 cognitionis
1042 1193 1312 1258 excedunt,
1346 1200 1393 1244 et
1412 1196 1565 1245 etiam
1587 1209 1719 1260 quae
1740 1207 1844 1245 non
1864 1191 2116 1243 excedunt

229 1269 390 1337 (nihil
414 1269 550 1320 euim
581 1271 827 1336 impedit,
866 1286 970 1337 quo
1003 1271 1178 1321 minus
1197 1272 1341 1322 Deus
1369 1285 1427 1321 ca
1456 1273 1595 1339 ipsa,
1640 1285 1771 1336 quae
1798 1285 1893 1322 nos
1922 1269 2115 1320 lumine

228 1355 447 1398 naturae
475 1350 862 1414 cognoscimus,
905 1349 1019 1399 aliis
1037 1348 1205 1400 modis
1225 1347 1523 1400 hominibus
1545 1345 1918 1415 communicet)
1938 1360 2113 1413 pergo,

227 1431 289 1476 ut
309 1422 374 1474 de
393 1424 458 1474 iis
480 1423 724 1491 prolixius
745 1440 912 1492 agam.

335 1501 387 1552 7.
428 1500 620 1553 Verum
650 1503 787 1554 enim
815 1517 934 1554 vero
961 1502 1208 1568 quicquid
1239 1503 1303 1553 de
1336 1503 1399 1553 iis
1433 1501 1533 1554 dici
1562 1509 1733 1569 potest
1769 1517 1827 1553 ex
1854 1501 2115 1568 Scriptura

228 1577 344 1630 sola
369 1579 476 1645 peti
505 1577 676 1630 debet.
748 1581 878 1632 Nam
907 1579 1032 1646 quid
1055 1579 1118 1631 de
1143 1579 1303 1631 rebus
1324 1580 1511 1632 limites
1534 1582 1693 1632 nostri
1715 1580 2002 1632 intellectus
2022 1594 2115 1630 ex-

231 1654 540 1707 cedentibus
574 1656 742 1708 dicere
773 1670 1060 1723 possumus
1088 1665 1289 1724 praeter
1316 1658 1397 1718 id,
1438 1656 1577 1724 quod
1609 1673 1667 1709 ex
1694 1658 1825 1723 ipsis
1854 1658 2117 1723 prophetis

229 1748 320 1784 ore
341 1733 420 1785 vel
441 1733 634 1801 scripto
656 1733 806 1786 nobis
827 1729 1078 1787 traditur?
1144 1735 1209 1786 Et
1229 1735 1351 1801 quia
1372 1734 1523 1788 hodie
1544 1735 1732 1800 nullos,
1773 1734 1914 1802 quod
1934 1735 2113 1797 sciam,

231 1810 502 1871 babemus·
522 1812 797 1879 propbetas
814 1852 828 1874 ‚
869 1813 994 1864 nibil
1021 1812 1173 1864 nobis
1195 1814 1535 1878 relinquitur,
1576 1814 1677 1864 nisi
1699 1827 1839 1864 sacra
1861 1812 2119 1864 volumina

231 1886 389 1939 nobis
420 1904 446 1939 a
479 1888 740 1956 prophetis
769 1890 941 1941 relicta
972 1889 1228 1942 evolvere:
1269 1888 1365 1941 hac
1384 1891 1595 1956 quidem
1616 1892 1879 1953 cantione,
1918 1898 1977 1941 ut
1994 1890 2121 1943 nibil

233 1964 303 2017 de
336 1966 598 2017 similibus
625 1966 783 2017 rebus
813 1974 1104 2019 statuamus
1133 1975 1222 2017 aut
1249 1968 1381 2033 ipsis
1410 1967 1897 2037 prophetisaliquid
1918 1966 2122 2018 tribua·-

230 2056 356 2093 mus
369 2080 384 2104 ‚
412 2042 550 2108 quod
572 2043 672 2109 ipsi
692 2058 795 2095 non
817 2044 947 2096 clare
965 2044 1304 2096 dictaverunt.
1378 2046 1430 2095 8.
1470 2045 1573 2095 Sed
1592 2044 1673 2095 hie
1693 2046 1925 2110 apprime
1943 2053 2122 2096 notan-

231 2119 391 2182 dum,
432 2122 574 2185 quod
603 2120 780 2173 Iudaei
811 2136 1080 2187 nunquam
1108 2134 1383 2173 causarum
1405 2122 1691 2173 mediarum
1712 2123 1817 2172 sive
1838 2122 2118 2187 particula-

231 2198 375 2248 rium
405 2196 600 2248 fnciunt
629 2199 942 2249 mentionem
965 2212 1058 2251 nec
1078 2212 1168 2251 eas
1187 2204 1397 2259 curant,
1437 2198 1531 2249 sed
1552 2197 1812 2263 religionis
1837 2213 1895 2249 ac
1915 2199 2120 2264 pietatis

229 2276 342 2326 sive
371 2272 460 2342 (ut
489 2275 640 2340 vulgo
659 2274 760 2325 dici
780 2277 938 2345 solet)
968 2276 1250 2328 devotionis
1269 2290 1421 2326 causa
1446 2274 1507 2326 ad
1529 2277 1695 2326 Deum
1722 2289 1928 2342 semper
1948 2291 2124 2328 recur-

230 2358 375 2403 runt.
441 2352 654 2403 sienim
675 2368 755 2403 ex.
776 2366 852 2419 gr.
873 2354 1148 2419 pecuniam
1169 2361 1451 2407 mercatura
1471 2352 1648 2404 lucrati
1664 2362 1809 2417 sunt,
1832 2368 1945 2405 eam
1966 2368 1995 2403 a
2013 2356 2123 2407 Deo

231 2427 338 2480 sibi
374 2427 598 2480 oblatam
635 2432 806 2491 aiunt3
865 2432 909 2482 si
947 2430 1141 2497 aliquid
1181 2439 1238 2483 ut
1276 2431 1372 2493 sit,
1424 2432 1665 2496 cupiunt,
1710 2430 1916 2491 dicunt,
1954 2434 2121 2483 Deum

233 2520 417 2557 eorum
447 2520 533 2557 cor
561 2507 911 2573 disposuisse,
953 2514 1003 2559 et
1041 2509 1086 2559 si
1119 2508 1243 2574 quid
1287 2510 1437 2558 etiam
1476 2510 1724 2573 cogitant,
1763 2511 1930 2560 Deum
1958 2510 2010 2560 id
2048 2514 2123 2561 eis

233 2584 429 2634 dixisse
447 2585 610 2636 aiunt.
685 2586 858 2649 Quare
879 2598 982 2637 non
1012 2600 1166 2637 omne
1186 2584 1266 2648 id,
1308 2585 1449 2651 quod
1470 2586 1731 2651 Scriptura
1752 2588 1820 2636 ait
1838 2588 2008 2637 Deum
2026 2589 2123 2638 ali-—

231 2660 320 2711 cui
352 2658 544 2713 dixisse
561 2701 576 2723 ‚
618 2677 712 2727 pro
742 2662 1008 2731 prophetia
1027 2670 1077 2714 et
1097 2664 1384 2730 cognitione
1404 2663 1779 2728 supranaturali
1804 2663 2119 2725 habendum,

229 2737 332 2789 sed
364 2745 566 2789 tantum
599 2739 680 2801 id,
721 2740 860 2807 quod
901 2742 1166 2807 Scriptura
1195 2755 1435 2807 expresse
1463 2741 1610 2803 dicit,
1650 2740 1725 2793 vel
1754 2742 1894 2806 quod
1927 2757 1987 2793 ex
2023 2743 2125 2793 cir-

233 2816 568 2870 cumstantiis
603 2818 912 2869 narrationis
945 2818 1208 2884 sequitur,
1260 2818 1581 2885 prophetiam
1620 2819 1725 2871 sive
1764 2818 2123 2871 revelationem

231 2893 425 2945 fnisse.

258 3002 264 3007 -
341 2971 394 3021 9.
433 2971 490 3022 Si
517 2971 676 3036 igitur
711 2985 858 3022 sacra
891 2972 1153 3025 volumina
1190 2987 1583 3037 percurramus»,
1623 2971 1942 3032 videbimus,
1983 2973 2124 3038 quod

233 3049 443 3109 omnia,
491 3064 624 3114 qnae
659 3051 803 3101 Deus
839 3050 1104 3118 prophetis
1141 3050 1404 3112 revelavit,
1452 3050 1517 3099 iis
1554 3049 1767 3101 revelata
1804 3048 2014 3100 fuerunt
2049 3052 2126 3099 vel

235 3127 440 3185 verbis,
479 3126 554 3177 vel
567 3128 800 3193 figuris,
838 3127 916 3181 vel
944 3133 1168 3194 utroque
1197 3130 1296 3181 Ιιοο
1312 3127 1491 3194 modo,
1532 3125 1703 3180 verbis
1722 3125 1838 3176 seil.
1858 3133 1908 3176 et
1925 3126 2123 3193 figuris·

308 3210 539 3279 Spinoza
573 3214 668 3267 111.
1388 3270 1393 3277 ,
1667 3212 1705 3269 2
