2548 3485
367 161 449 222 98
762 161 1154 211 TnAcTATUs
1193 163 1595 210 Tflssonoolco
1606 192 1631 204 -
1641 165 1851 211 PoLIT.

326 327 339 348 '
367 344 518 426 plane
537 343 674 395 aliud
691 382 705 408 ,
729 357 882 409 quam
905 342 1044 408 quod
1065 343 1240 394 vident
1259 350 1350 394 aut
1368 343 1648 408 contigisse
1668 343 1915 404 audiunt,
1950 341 2253 410 percipiant,

369 419 669 486 'praesertim
701 421 746 470 si
777 434 858 470 res
886 427 998 470 acta
1024 428 1233 486 captum
1266 421 1524 471 narrantis
1545 427 1635 471 aut
1652 419 1911 470 audientis
1931 427 2169 488 superat,
2209 426 2259 471 et

367 499 587 549 maxime
623 498 670 548 si
707 495 771 547 ad
809 498 922 548 eius
959 511 1067 548 rem
1108 497 1321 559 referat,
1360 504 1421 548 ut
1455 497 1573 566 ipsa
1610 503 1747 548 certo
1784 497 1937 548 modo
1978 498 2257 564 contingat.

371 577 455 626 54.
496 575 632 626 Hinc
662 573 749 636 fit,
790 582 848 625 ut
866 574 1102 626 homines
1133 576 1186 625 in
1215 575 1329 625 suis
1358 573 1611 627 chronicis
1631 582 1681 624 et
1700 573 1927 625 historiis
1948 575 2113 640 magis
2134 588 2260 626 suas

368 653 670 718 opiniones,
711 666 866 716 quam
907 665 988 702 res
1024 653 1168 717 ipsas
1207 660 1347 702 actas
1384 658 1622 714 narrent,
1660 659 1711 701 et
1744 658 1801 702 ut
1840 665 1979 702 unus
2017 653 2259 716 idemque

368 743 522 780 casus
551 742 578 778 a
609 726 818 779 duobus
855 727 1185 790 hominihuS,
1224 730 1319 796 qui
1357 729 1583 780 diversas
1622 727 1814 779 habent
1849 729 2153 794 opinioneS,
2191 729 2262 778 ita

367 807 565 858 diverse
595 813 856 867 narretur,
896 811 954 856 ut
984 820 1088 856 non
1129 805 1231 856 nisi
1269 805 1333 857 de
1371 806 1577 857 duobus
1616 799 1827 856 casibus
1864 805 2005 870 loqui
2044 805 2261 856 videan-

366 891 475 946 tur,
518 890 568 934 et
589 881 812 948 denique
841 889 900 933 ut
927 897 1080 950 saepe
1110 897 1210 934 non
1244 882 1525 934 admodum
1559 882 1760 934 difficile
1790 885 1885 944 sit,
1926 898 1985 935 ex
2014 881 2141 934 solis
2171 880 2259 932 hi-

368 961 536 1011 storiis
566 960 840 1026 opiniones
869 959 1241 1026 chronographi
1270 967 1323 1010 et
1351 958 1579 1011 historici
1618 961 1941 1025 investigare.
2013 958 2098 1011 Ad
2136 959 2262 1010 haec

369 1036 778 1088 confirmandum
817 1037 981 1087 multa
1018 1037 1216 1088 adferre
1253 1051 1495 1103 possem,
1535 1045 1642 1088 tam
1680 1036 2130 1109 philosophorum,
2170 1036 2261 1101 qui

370 1115 637 1165 historiam
664 1121 881 1166 naturae
911 1115 1262 1180 scripserunt,
1302 1129 1457 1181 quam
1479 1113 1987 1181 chronographorum
2007 1114 2257 1180 exempla,

369 1191 472 1242 nisi
505 1189 558 1241 id
586 1189 909 1257 superfluum
941 1193 1319 1251 existimarem3
1360 1206 1417 1243 ex
1445 1207 1589 1245 sacra
1620 1200 1793 1245 autem
1825 1193 2077 1260 scriptura
2096 1205 2263 1242 unum

369 1277 571 1319 tantum
601 1265 854 1331 adferam,
897 1267 962 1320 de
999 1269 1218 1335 reliquis
1257 1269 1415 1321 lector
1451 1269 1565 1336 ipse
1602 1270 1809 1322 iudicet.
1886 1272 1970 1322 55.
2006 1270 2263 1334 Tempore

369 1349 554 1397 iosuae
581 1344 805 1397 Hebraei
835 1345 924 1412 (ut
951 1347 1052 1398 iam
1087 1361 1246 1414 supra
1279 1347 1609 1415 monuimus)
1639 1362 1759 1399 cum
1788 1347 1937 1411 vulgo
1964 1345 2261 1408 credebant,

370 1424 531 1475 solem
557 1429 698 1475 motu
716 1462 730 1486 ,
769 1429 831 1474 ut
849 1431 1058 1486 vocant,
1101 1423 1290 1476 diurno
1310 1424 1529 1484 moveri,
1566 1430 1754 1476 terram
1776 1431 1947 1476 autem
1971 1423 2261 1490 quiescere,

369 1509 422 1551 et
465 1501 587 1552 huic
636 1509 1035 1568 praeconceptae
1076 1501 1310 1567 opinioni
1346 1499 1652 1553 miraculum
1674 1539 1689 1563 ,
1748 1500 1888 1565 quod
1922 1501 1988 1550 iis
2025 1499 2263 1566 contigit,

370 1592 536 1644 quum
565 1586 738 1629 contra
770 1579 1002 1646 quinque
1027 1577 1146 1630 illos
1177 1592 1325 1644 reges
1363 1584 1680 1644 pugnarent,
1722 1577 2114 1645 adaptaverunt:
2156 1591 2267 1628 non

369 1655 508 1706 enim
527 1654 834 1721 simpliciter
857 1661 1217 1717 narraverunt,
1259 1656 1397 1707 diem
1416 1655 1562 1707 illum
1584 1654 1733 1706 solito
1757 1653 2041 1720 longiorem
2074 1652 2263 1718 fuisse,

370 1730 464 1785 sed
491 1729 654 1783 solem
685 1739 734 1783 et
759 1730 938 1785 lunam
967 1733 1199 1796 stetisse,
1241 1733 1348 1785 sive
1376 1748 1405 1783 a
1443 1746 1542 1785 suo
1582 1737 1726 1785 motu
1764 1731 2078 1794 cessavisse,
2118 1730 2267 1797 quod

369 1810 502 1877 ipsis
531 1809 689 1861 etiam
719 1814 832 1859 tum
860 1812 1110 1876 temporis
1147 1825 1251 1863 non
1282 1824 1466 1879 parum
1495 1810 1741 1862 inservire
1768 1816 1962 1877 poterat
1987 1808 2052 1860 ad
2084 1808 2265 1864 etbui-

370 1900 488 1947 cos,
550 1886 640 1951 qui
678 1885 844 1937 solem
880 1886 1186 1953 adorabant,
1246 1886 1657 1941 convincendum
1707 1896 1759 1939 et
1802 1889 1915 1954 ipsa
1953 1888 2268 1954 experienda

370 1962 844 2029 comprobandum,
895 1964 1058 2015 solem
1097 1964 1198 2016 sub
1235 1966 1449 2019 alterius
1487 1966 1717 2017 numinis
1756 1965 1970 2031 imperio
2007 1976 2156 2025 esse,
2206 1978 2271 2017 ex
2323 1985 2329 1991 ·

371 2041 522 2093 cuius
585 2047 717 2093 nutu
779 2041 1016 2093 ordinem
1073 2057 1228 2094 suum
1292 2043 1577 2096 naturalem
1649 2050 1847 2093 mutare
1912 2048 2150 2093 teneatur
2176 2040 2264 2109 *).

376 2121 459 2171 56.
501 2116 672 2182 Quare
701 2119 886 2184 partim
916 2134 974 2170 ex
1002 2120 1270 2187 religione,
1311 2122 1497 2188 partim
1535 2134 1593 2171 ex
1635 2118 2021 2186 praeconceptis
2058 2118 2269 2186 opinio-

370 2194 529 2247 nibus
564 2210 670 2246 rem
710 2195 861 2261 longe
898 2194 1069 2257 aliter,
1109 2211 1265 2261 quam
1307 2212 1477 2249 revera
1507 2196 1801 2263 contingere
1829 2197 2026 2265 potuit,
2066 2208 2265 2245 conce-

370 2279 558 2346 petunt
587 2279 743 2339 atque
774 2279 1153 2325 enarraverunt.
1225 2274 1390 2341 Igitur
1421 2272 1486 2325 ad
1513 2270 1760 2325 miracula
1782 2274 2075 2341 Scripturae
2096 2272 2268 2325 inter-

373 2349 680 2438 pretandum
718 2354 768 2399 et
804 2363 865 2401 ex
905 2364 1083 2400 eorum
1125 2351 1506 2403 narrationibus
1532 2350 1955 2441 intelligendum,
1998 2350 2269 2439 quomodo

375 2428 492 2491 ipsa
520 2439 692 2476 revera
723 2427 1060 2491 contigerint,
1102 2441 1313 2478 necesse
1335 2435 1441 2491 est,
1482 2429 1751 2493 opiniones
1772 2442 1949 2479 eorum
1970 2428 2139 2491 scire,
2178 2428 2271 2495 qui

429 2516 484 2553 sa
502 2492 682 2567 primo
711 2509 1043 2555 narraverunt
1072 2511 1122 2555 et
1143 2504 1234 2569 qui
1258 2502 1411 2554 nobis
1432 2518 1490 2555 ea
1510 2505 1699 2571 scripto
1717 2505 2069 2569 reliquerunt,
2108 2512 2161 2555 et
2180 2519 2269 2557 eas

370 2504 436 2631 iaxb
483 2594 544 2629 eo
591 2579 730 2645 quod
778 2594 966 2631 sensus
1013 2580 1076 2631 iis
1124 2588 1509 2646 repraesentare
1558 2588 1868 2647 potuerunt,
1922 2578 2267 2649 distinguere.

370 2658 516 2709 Alias
545 2657 680 2707 enim
714 2670 891 2707 eorum
923 2657 1191 2721 opiniones
1222 2664 1272 2708 et
1303 2656 1495 2708 iudicia
1519 2657 1771 2722 cumipse
1794 2658 2075 2723 miraculo,
2114 2666 2269 2725 prout

371 2748 538 2785 revera
560 2734 790 2797 contigit,
830 2731 1241 2793 confundemus;
1283 2747 1380 2785 nec
1398 2734 1465 2785 ad
1484 2734 1608 2785 haec
1628 2740 1848 2797 tanturn,
1890 2734 1983 2787 sed
2008 2750 2076 2787 ne
2102 2738 2263 2786 etiam

372 2811 754 2862 confundamus
785 2824 895 2871 reS‚
936 2824 1067 2875 qnae
1097 2825 1268 2863 revera
1299 2812 1649 2878 contigerunt,
1691 2826 1809 2863 cum
1833 2810 1988 2865 rebus
2009 2813 2265 2879 imagina-

372 2888 460 2937 riis
479 2895 528 2938 et
549 2902 681 2954 quae
701 2901 803 2938 non
823 2888 924 2937 nisi
946 2890 1445 2953 repraesentationes
1463 2888 1794 2957 propheticae
1815 2888 2047 2952 fuerunt,
2082 2902 2263 2939 eorum

373 2964 642 3028 opiniones
681 2965 812 3016 scire
850 2962 1020 3016 refert.
1115 2966 1202 3018 57.
1239 2968 1303 3037 ln
1342 2966 1607 3037 Scriptura
1641 2968 1780 3019 enim
1813 2966 1975 3020 multa
2013 2972 2071 3017 ut
2108 2964 2265 3017 realia

477 3126 516 3180 ⁸)
553 3128 648 3175 vid·
675 3130 768 3179 los.
790 3134 933 3191 ¹0,t2.
956 3146 1062 3195 sqq.
