2548 3485
433 119 516 178 46
835 122 1224 168 TRACTATUS
1263 123 1663 168 THEOLofflco
1675 124 1853 167 -Pom
1859 125 1917 167 T.

433 302 586 354 modo
607 302 758 356 allato
777 316 890 368 eap.
911 303 1158 354 Ieremiae
1181 302 1564 357 evidentissime
1584 300 1863 368 colligilun
1907 316 2027 355 nam
2058 303 2127 360 ait
2145 303 2316 354 Deum

433 380 758 442 suidecreti,
798 379 1128 433 in,.damnum
1158 387 1246 432 aut
1273 379 1470 431 bonum
1494 380 1765 433 hominum
1783 379 1993 446 prolati,
2032 380 2311 445 poenitere,

431 465 580 525 prout
595 457 832 512 homines
852 471 1022 508 mores
1039 464 1089 510 et
1111 457 1325 510 modum
1343 457 1547 510 vivendi
1566 448 1765 508 mu'tare
1784 456 1981 508 volunt.
2030 457 2103 508 At
2120 456 2317 509 Paulus

431 542 602 588 contra
623 533 750 587 nibil
769 535 995 600 apertius
1016 533 1180 597 docet,
1221 549 1377 600 quam
1400 534 1539 600 quod
1560 533 1795 586 homines
1818 534 2021 586 nullum
2038 536 2315 602 imperium

429 614 530 664 nisi
562 627 622 664 ex
637 612 734 665 Dei
763 611 1014 678 singulari
1045 613 1308 664 vocatione
1335 620 1384 666 et
1412 612 1573 678 gratia
1601 612 1652 662 in
1683 612 1851 662 carnis
1882 612 2191 666 tentationes
2219 612 2318 663 lia-

430 690 569 743 beot.
644 689 774 743 Yide
811 690 967 756 epist.
997 689 1060 742 ad
1090 691 1355 740 Romanos
1392 703 1509 756 cap.
1541 689 1591 740 9.
1624 703 1682 739 ex
1711 703 1759 740 v.
1798 689 1883 740 10.
1916 696 2047 750 etc„
2088 695 2139 740 et
2172 690 2315 755 quod

431 783 541 835 cap.
563 769 613 820 3.
636 781 683 818 v.
707 769 760 818 5.
784 774 835 818 et
854 781 968 833 cap.
995 767 1044 818 6.
1069 782 1115 817 v.
1141 767 1222 818 19.
1241 805 1256 828 ,
1297 765 1387 817 ubi
1406 767 1516 816 Deo
1544 765 1797 817 iustitiam
1816 765 2019 828 tribuit,
2059 779 2116 822 se
2146 768 2313 818 corri—

429 845 523 911 git,
567 843 708 910 quod
740 844 970 901 humano
1008 857 1150 894 more
1188 845 1264 895 sic
1294 844 1534 910 loquatur
1562 849 1611 894 et
1640 850 1848 910 propter
1877 844 2045 896 carnis
2078 841 2318 898 imbecil-

429 923 644 972 litatem.

531 1001 616 1051 52.
653 999 729 1049 Ex
750 997 834 1050 his
852 997 1028 1063 itaque
1046 997 1173 1050 satis
1195 1011 1457 1064 superque
1478 1004 1707 1060 constat,
1748 998 1801 1049 id
1818 1035 1832 1058 ,
1873 998 2013 1064 quod
2044 997 2316 1050 ostendere

425 1074 876 1142 proponebamus,
911 1089 1100 1141 nempe
1127 1077 1297 1126 Deum
1328 1074 1658 1127 revelationes
1690 1076 1863 1142 captui
1891 1082 1940 1126 et
1977 1074 2314 1142 opinionibus

425 1153 792 1219 prophetarum
830 1152 1331 1213 accommodavisse,
1388 1152 1773 1218 prophetasque
1808 1167 1921 1216 ηε,
1968 1167 2109 1218 quae
2145 1151 2313 1205 solam

425 1230 830 1296 speculationem
850 1237 902 1282 >et
923 1244 1058 1295 quae
1077 1245 1179 1280 non
1199 1230 1461 1286 caritatem
1484 1236 1536 1280 et
1554 1244 1709 1283 usum
1730 1231 1857 1282 vita‘e
1878 1237 2141 1296 spectant,
2163 1231 2313 1296 igno-

425 1322 534 1358 rare
554 1308 787 1374 potuisse
805 1324 819 1367 ;
843 1316 893 1359 et
916 1321 1086 1360 revera
1107 1308 1425 1373 ignoravisse
1444 1308 1831 1373 contrariasque
1844 1306 2095 1360 habuisse
2109 1307 2313 1374 opinio-

425 1400 538 1436 nes.
615 1386 788 1447 Quare
817 1384 969 1450 longe
999 1384 1176 1446 abest,
1215 1391 1274 1435 ut
1302 1381 1366 1435 ab
1396 1385 1463 1436 iis
1492 1385 1714 1450 cognitio
1741 1400 1913 1438 rerum
1932 1383 2242 1437 naturalium
2262 1391 2313 1456 et

423 1461 772 1528 spiritualium
793 1462 862 1514 sit
883 1461 1125 1528 petenda.
1202 1462 1288 1512 53.
1326 1461 1701 1514 concludimus
1719 1462 1927 1528 itaque,
1966 1477 2065 1514 nos
2086 1461 2313 1529 prophe-

423 1542 490 1593 tis
511 1539 638 1593 nihil
655 1539 802 1592 aliud
827 1539 990 1592 teneri
1009 1539 1215 1592 credere
1233 1538 1525 1605 praeterjd,
1548 1539 1688 1604 quod
1714 1539 1833 1593 finis
1856 1546 1907 1590 et
1924 1538 2213 1591 substantia
2232 1545 2312 1590 est

423 1617 770 1677 revelationis;
811 1619 866 1666 in
887 1616 1133 1682 reliquie,
1175 1624 1329 1681 prout
1347 1618 1632 1682 unicuique
1653 1616 1808 1679 libet,
1847 1616 2065 1670 liberum
2096 1623 2176 1668 est
2196 1629 2309 1667 ere-

421 1694 562 1745 dere.
633 1691 870 1760 Exempli
897 1694 1084 1760 gratia,
1125 1693 1361 1749 revelatio
1388 1695 1543 1747 Kaini
1574 1708 1671 1745 nos
1698 1701 1901 1749 tantum
1922 1694 2100 1757 docet,
2138 1695 2308 1747 Deum

417 1774 652 1826 Kainum
681 1773 950 1825 monuisse
979 1773 1045 1825 ad
1077 1787 1248 1824 veram
1278 1774 1461 1833 vitam3
1502 1772 1556 1823 id
1586 1773 1723 1823 enim
1753 1779 1951 1823 tantum
1982 1772 2238 1827 intentum
2260 1779 2308 1822 et

421 1848 708 1901 substantia
738 1849 1061 1902 revelationis
1091 1854 1198 1911 est,
1238 1862 1345 1902 ‚non
1378 1864 1495 1900 vero
1513 1846 1800 1901 libertatem
1820 1849 2097 1902 voluntatis
2115 1856 2206 1900 aut
2225 1864 2307 1901 res

423 1925 806 1992 philosophicas
837 1927 1040 1979 docere.
1115 1927 1319 1990 Quare,
1358 1927 1561 1978 tametsi
1581 1928 1637 1977 in
1654 1926 1825 1977 verbis
1844 1926 1988 1989 illius.
2006 1928 2307 1980 monitionis

416 2011 474 2053 et
501 2002 786 2055 rationibus
813 2002 1027 2058 libertas
1055 2004 1336 2055 voluntatis
1366 2004 1652 2055 clarissime
1686 2005 2002 2066 continetur,
2043 2001 2195 2054 nobis
2227 2011 2308 2055 ta-

421 2096 538 2134 men
559 2081 757 2133 licitum
777 2086 883 2142 est,
923 2081 1232 2132 contrarium
1265 2083 1483 2143 sentire,
1524 2080 1949 2146 quandoquidem
1978 2080 2130 2133 verb'a
2148 2082 2233 2132 illa
2255 2088 2307 2132 et

419 2160 642 2213 rationes
669 2159 734 2209 ad
773 2165 984 2225 captum
1014 2165 1210 2211 tantum
1239 2160 1397 2209 Ka'ini
1426 2158 1837 2209 accommodatae
1876 2166 2020 2210 sunt.
2092 2161 2177 2209 54.
2218 2160 2305 2211 Sic

417 2238 570 2289 etiam
593 2236 855 2290 Mic-haeae
875 2236 1112 2287 revelatio
1134 2242 1333 2290 tantum
1354 2236 1537 2288 docere
1554 2234 1681 2297 vult,
1722 2235 1861 2301 quod
1882 2237 2025 2288 Deus
2044 2234 2305 2289 Michaeae

417 2327 594 2365 verum
623 2314 810 2365 exitum
849 2328 1052 2379 pugnae
1079 2312 1280 2366 Achabi
1310 2320 1483 2363 contra
1512 2311 1672 2365 Aram
1710 2314 1969 2373 revelavit;
2010 2327 2169 2381 quare
2204 2312 2305 2366 hoc

419 2392 571 2445 etiam
603 2396 801 2441 tantum
831 2397 1068 2443 tenemur
1103 2389 1330 2441 credere.
1404 2389 1663 2455 Quicquid
1694 2390 1850 2455 igitur
1886 2398 2083 2456 praeter
2117 2390 2213 2443 hoc
2250 2392 2304 2443 in

418 2467 502 2521 illa
525 2468 832 2519 revelatione
862 2468 1180 2530 continetur,
1221 2481 1411 2533 nempe
1438 2466 1501 2517 de
1521 2468 1613 2517 Dei
1644 2468 1829 2534 spiritu
1848 2482 1967 2521 vero
1986 2474 2039 2519 et
2055 2467 2215 2531 falso,
2255 2476 2307 2520 et

417 2546 482 2597 de
501 2546 722 2597 exercitu
741 2544 868 2596 coeli
887 2544 952 2597 ab
972 2551 1192 2610 utroque
1210 2546 1306 2596 Dei
1327 2544 1483 2595 latere
1502 2552 1673 2597 stante
1686 2584 1700 2607 ,
1741 2552 1790 2597 et
1811 2544 2038 2611 reliquae
2058 2544 2199 2601 illius
2222 2561 2303 2599 re-

418 2623 688 2677 velationis
725 2622 1162 2685 circumstantiae,
1204 2637 1299 2673 nos
1338 2622 1549 2673 minime
1588 2628 1829 2687 tangunt3
1869 2622 2102 2690 adeoque
2144 2622 2207 2675 de
2234 2622 2301 2673 iis

417 2700 809 2766 unusquisque,
851 2707 998 2765 prout
1023 2714 1151 2751 suae
1179 2700 1363 2751 rationi
1394 2700 1559 2763 magis
1590 2705 1995 2751 consentaneum
2025 2698 2294 2767 videbitur,

417 2778 606 2833 credat.
679 2778 760 2829 55.
796 2778 874 2829 De
904 2777 1222 2841 rationibus,
1264 2775 1457 2842 quibus
1485 2777 1629 2828 Deus
1656 2775 1784 2829 Iobo
1812 2778 2039 2831 ostendit
2056 2790 2215 2832 ,suam
2243 2776 2296 2826 in

417 2857 590 2909 omnia
607 2856 886 2922 potentiam
901 2893 914 2918 ,
958 2856 1003 2907 si
1023 2855 1238 2921 quidem
1259 2868 1437 2908 verum
1458 2861 1562 2916 est,
1602 2854 1742 2919 quod
1762 2853 1889 2906 Iobo
1920 2853 2162 2907 revelatae
2181 2852 2298 2903 fue-

417 2940 566 2994 runt,
605 2941 657 2985 et
683 2931 823 3000 quod
854 2938 1032 2985 auctor
1055 2932 1323 2985 historiam
1354 2945 1584 2994 narrare,
1626 2944 1731 2983 non
1760 2937 1933 2984 autem
1962 2928 2049 2998 (ut
2079 2928 2295 2997 quidam

419 3010 661 3076 credunt)
682 3025 806 3061 suos
827 3016 1108 3077 conceptus
1129 3024 1309 3061 ornare
1333 3008 1619 3074 studuerit;
1656 3008 1795 3061 idem
1816 3009 1969 3061 etiam
1992 3006 2293 3069 dicendum,

417 3102 603 3154 nempe
632 3101 719 3138 eas
748 3086 813 3139 ad
843 3095 1049 3155 captum
1089 3086 1202 3138 lobi
1237 3093 1289 3139 et
1324 3086 1389 3139 ad
1430 3087 1607 3153 ipsum
1644 3092 1847 3138 tantum
1885 3084 2297 3139 convincendum
