2548 3485
1232 4 1300 20 *w-

1077 172 1214 217 cu».
1269 170 1403 217 xvi.
1492 188 1500 197 ·
1880 234 1886 241 ⁸
2020 161 2179 243 ‚209

410 348 490 401 12.
538 346 728 399 Verum
757 346 896 399 enim
927 361 1044 399 vero
1069 354 1261 413 quanto
1300 350 1369 399 sit
1407 344 1706 399 hominibus
1745 344 1954 407 utilius,
1993 358 2184 397 secun-

303 424 430 476 dum
465 425 606 492 leges
641 430 691 477 et
726 431 859 476 certa
899 432 1106 477 nostrae
1131 426 1341 479 rationis
1370 423 1647 476 dictamina
1673 424 1865 485 vivere,
1905 436 2070 489 quae,
2108 421 2185 471 uti

305 502 555 563 diximus,
594 516 697 552 non
727 502 826 553 nisi
855 515 1030 554 verum
1058 501 1332 553 hominum
1350 503 1481 554 utile
1498 501 1770 553 intendunt
1787 539 1800 563 ,
1839 512 1995 551 nemo
2016 504 2187 565 potest

303 577 562 632 dubitare.
631 580 900 631 Praeterea
923 579 1100 632 nullus
1117 586 1198 631 est
1215 580 1429 643 quinon
1460 581 1663 647 cupiet,
1702 591 1881 630 secure
1908 582 2043 627 extra
2072 588 2187 626 me·-

307 664 414 707 tum
430 694 445 718 ,
486 656 658 723 quoad
677 654 788 707 fieri
809 662 1008 724 potest,
1045 658 1239 718 vivere3
1281 657 1420 721 quod
1443 665 1613 709 tamen
1634 655 1847 707 minime
1864 658 2035 721 potest
2061 665 2188 704 con-

307 735 525 798 tingere,
568 747 724 798 quam
751 732 842 783 diu
870 734 1154 800 unicuique
1179 733 1247 785 ud
1274 733 1497 787 lubitum
1516 730 1697 785 'omnia
1725 732 1890 783 fecere
1909 731 2054 791 licet,
2094 740 2190 779 nec

307 810 427 878 plus
441 809 575 876 juris
593 810 798 871 rationi,
830 824 986 877 quam
1005 812 1124 864 odio
1144 817 1195 861 et
1213 811 1339 873 irae,
1369 810 1687 863 conceditur.
1748 808 1831 862 13.
1862 810 1993 859 Nam
2008 802 2188 856 nullus

308 893 415 949 est,
454 888 545 953 qui
573 888 704 939 inter
733 886 1060 951 inimicitias,
1099 887 1244 951 odia,
1285 890 1413 941 iram
1452 895 1503 940 et
1538 887 1683 939 dolos
1719 900 1823 939 non
1860 886 2003 937 anxie
2038 883 2187 945 vivat,

309 977 472 1030 eaque
507 963 662 1025 adeo,
701 972 953 1029 quantum
991 965 1044 1017 in
1081 978 1139 1016 se
1175 972 1281 1031 est,
1322 979 1425 1016 non
1465 973 1678 1017 conetur
1711 964 1886 1015 vitare.
1961 960 2113 1025 Quod
2146 958 2192 1009 si

310 1042 463 1093 etium
483 1041 874 1093 consideremus
891 1080 904 1104 ,
924 1039 1178 1093 ‘homines
1196 1041 1397 1108 absque
1417 1050 1598 1095 mutuo
1618 1039 1802 1093 auxilio
1828 1038 2115 1097 miserrime
2144 1040 2194 1085 et

309 1117 510 1184 absque
528 1118 904 1179 rationiscultu
920 1120 1210 1171 necessario
1220 1121 1407 1181 vivere,
1432 1121 1558 1171 utin
1578 1120 1760 1185 capN.
1783 1115 2107 1169 ostendimus
2117 1111 2189 1177 *),

315 1194 598 1247 clarissime
636 1194 957 1256 videbimus,
1005 1196 1244 1249 homines
1280 1196 1344 1247 ad
1384 1210 1567 1248 secure
1602 1202 1653 1247 et
1688 1194 1882 1261 optime
1918 1190 2193 1244 vivendum

315 1273 603 1323 necessario
622 1272 675 1323 in
701 1286 864 1323 unum
883 1274 1181 1341 conspirare
1203 1273 1479 1335 debuisse,
1518 1286 1577 1323 ac
1594 1271 1810 1339 proinde
1836 1268 2097 1329 effecisse,
2138 1272 2196 1318 ut
2260 1318 2267 1325 ,

309 1347 426 1413 juS,
466 1346 604 1414 quod
644 1350 1008 1415 unusquisque
1045 1366 1106 1403 ex
1141 1358 1320 1402 nature
1356 1350 1421 1401 nd
1449 1349 1620 1400 omnin
1650 1346 1897 1415 babebat,
1935 1344 2196 1396 collective

311 1424 588 1487 haberent,
628 1438 796 1491 neque
825 1427 1052 1493 amplius
1079 1442 1137 1481 ex
1157 1430 1205 1481 vi
1223 1435 1273 1479 et
1292 1427 1522 1493 appetitu
1542 1425 1987 1488 uniuscuiusque,
2028 1420 2121 1473 scd
2138 1434 2197 1470 ex

317 1503 554 1555 omnium
591 1503 750 1553 simul
774 1505 1004 1569 potentin
1032 1511 1084 1556 et
1112 1504 1371 1555 voluntate
1398 1503 1842 1555 determinaretur.
1917 1499 2003 1551 14.
2042 1496 2199 1561 Quod

316 1587 488 1631 temen
517 1580 710 1631 frustra
739 1587 1050 1644 tentassent,
1089 1583 1161 1642 si,
1202 1582 1304 1632 nisi
1331 1580 1472 1647 quod
1507 1579 1766 1646 appetitus
1796 1574 2008 1636 suadet,
2049 1572 2197 1638 sequi

317 1656 504 1709 vellent
532 1659 614 1721 (ex
638 1656 844 1722 legibus
875 1660 1011 1710 enim
1041 1660 1303 1725 appetitus
1322 1656 1685 1723 unusquisque
1706 1655 1905 1707 diverse
1925 1650 2195 1722 trahitur„

316 1733 552 1802 adeoque
579 1732 875 1788 firmissime
902 1744 1124 1790 statuere
1152 1744 1203 1788 et
1230 1736 1422 1804 pacisci
1452 1733 1741 1786 debuerunt
1769 1747 1826 1784 ex
1856 1728 1967 1782 solo
1984 1727 2199 1783 rationis

321 1811 598 1863 dictamine
635 1813 741 1876 (cui
781 1827 932 1865 nemo
969 1821 1144 1880 aperte
1180 1827 1463 1879 repugnare
1500 1812 1682 1872 audet,
1724 1823 1785 1860 ne
1824 1814 1995 1860 mente
2032 1819 2199 1857 carere

323 1888 582 1951 videatur)
621 1891 796 1941 omnia
827 1889 1072 1954 dirigere,
1121 1897 1172 1941 et
1206 1891 1517 1958 appetitum,
1568 1894 1825 1954 quatenus
1861 1886 1915 1936 in
1953 1884 2199 1935 damnum

323 1965 536 2016 alterius
571 1964 768 2031 aliquid
807 1966 1016 2028 suadet,
1064 1967 1289 2029 frenare,
1341 1966 1643 2030 neminique
1677 1964 1873 2024 fucere,
1921 1958 2201 2026 quodsibi

321 2040 432 2094 fieri
461 2057 565 2094 non
597 2044 725 2104 vult,
765 2043 950 2109 iusque
969 2043 1192 2110 denique
1210 2043 1424 2095 alterius
1444 2050 1707 2130 tamqnam
1728 2053 1885 2090 suum
1905 2036 2198 2089 defendere.

324 2118 406 2170 15.
439 2120 572 2183 Qua
599 2127 802 2171 autem
832 2121 1082 2174 ratione
1111 2128 1371 2188 pactum
1398 2119 1514 2171 hoc
1540 2118 1694 2170 iniri
1724 2114 1974 2178 debeat,
2005 2120 2072 2164 ιιι
2100 2126 2203 2162 ra-

323 2201 451 2248 tum
488 2195 824 2263 fixumque
861 2198 976 2260 sit,
1029 2197 1114 2250 liic
1149 2199 1250 2248 iem
1298 2196 1597 2249 videndum.
1668 2195 1796 2246 Nam
1830 2192 1913 2242 lex
1946 2151 2203 2242 l’iumanae

324 2280 536 2325 naturae
563 2273 870 2326 universalis
889 2282 994 2338 est,
1033 2283 1093 2326 ιιι
1109 2289 1262 2326 nemo
1283 2274 1509 2339 aliquid,
1550 2271 1689 2339 quod
1708 2269 1907 2324 bonum
1926 2281 2041 2318 esse
2059 2265 2203 2317 iudi-

326 2356 434 2412 ω,
477 2351 726 2415 negliget,
765 2351 866 2402 nisi
893 2365 985 2418 spe
1009 2352 1220 2403 maioris
1241 2351 1392 2413 boni,
1432 2350 1507 2402 vel
1530 2364 1587 2401 ex
1608 2355 1748 2400 metu
1766 2345 1975 2398 maioris
1994 2344 2199 2406 damni3

327 2439 425 2478 nec
456 2427 667 2492 aliquod
707 2427 899 2478 malum
939 2427 1158 2494 perferat
1193 2429 1296 2478 nisi
1332 2427 1397 2478 ad
1432 2428 1605 2478 maius
1642 2424 1965 2485 evitandum,
2004 2421 2080 2476 vel
2110 2433 2205 2486 spe

327 2503 536 2556 maioris
563 2501 716 2555 honi.
756 2503 852 2556 hoc
882 2513 990 2568 est,
1021 2505 1395 2570 unusquisque
1424 2505 1487 2556 de
1513 2502 1719 2556 duobus
1746 2500 1897 2553 bonis
1926 2498 2063 2566 qnod
2090 2499 2203 2564 ipse

329 2580 498 2632 meins
523 2594 640 2632 esse
667 2564 906 2643 iudicnts
897 2589 976 2632 et
1004 2581 1066 2633 de
1095 2582 1305 2634 duobus
1328 2581 1479 2634 malis
1499 2579 1640 2647 qnod
1660 2581 1835 2632 minus
1854 2577 1955 2631 sibi
1974 2577 2199 2638 videtur,

328 2657 500 2723 eliget.
545 2658 674 2709 Dico
693 2673 947 2726 expresse,
978 2659 1118 2725 quod
1140 2659 1240 2711 sibi
1259 2659 1465 2725 eligenti
1484 2659 1655 2710 maius
1676 2657 1957 2710 autminus
1975 2652 2201 2712 videtur3

330 2749 433 2786 non
453 2734 593 2806 quod
613 2749 696 2788 res
713 2737 1002 2788 necessario
1023 2738 1091 2788 ita
1111 2751 1166 2788 se
1187 2736 1399 2798 habeat,
1436 2744 1493 2787 ut
1510 2735 1623 2805 ipse
1640 2735 1853 2802 iudicet.
1918 2733 2001 2784 16.
2031 2730 2205 2792 Atque

330 2811 456 2866 hacc
489 2813 569 2865 lex
601 2813 730 2865 adeo
750 2813 993 2882 fimiter
1026 2821 1240 2866 naturae
1274 2814 1530 2866 humanae
1567 2814 1812 2878 inscripta
1840 2814 1942 2870 est,
1983 2814 2042 2857 ut
2072 2807 2207 2856 inter

329 2897 564 2943 aeternas
581 2891 815 2944 veritates
834 2892 904 2943 sit
920 2890 1156 2966 ponenda
1169 2929 1184 2954 ,
1224 2905 1354 2958 quas
1374 2904 1525 2943 nemo
1545 2891 1777 2956 ignorare
1796 2891 1984 2953 potest.
2055 2883 2127 2936 At
2146 2899 2206 2937 ex

433 3121 478 3171 ⁰)
504 3119 605 3165 vid.
627 3133 729 3176 cap.
749 3122 791 3162 5.
829 3121 867 3172 §.
891 3123 1073 3164 18-25.
1374 3149 1383 3158 .

395 3207 628 3278 ‘Spinoza
665 3209 756 3261 111.
897 3195 907 3205 ’
1376 3267 1382 3274 ,
1720 3203 1784 3256 14
